2243 3288
243 245 292 275 1³17

243 326 338 351 vendas
362 334 393 351 ac
417 326 567 352 retentiones
592 326 627 351 ad
651 327 784 360 praedicta
812 326 968 352 monasteria
991 325 1124 359 pertinere,
1151 334 1181 351 (u-

242 365 360 393 staqnum
376 365 399 385 et
421 361 533 386 calceria
554 361 703 394 supradicta
722 362 817 394 partim
839 361 863 385 iu
882 361 1042 394 proprietate
1064 360 1181 385 l'irzilia—

243 395 325 419 censis
338 395 458 426 coenobii,
471 400 494 420 et
507 396 604 429 partim
622 396 648 420 in
667 396 746 429 ipsius
763 400 785 421 et
798 397 825 422 S.
842 395 969 421 Germani
984 396 1085 420 censiva
1101 394 1182 426 sitisse

242 433 397 454 constructa.
434 430 506 461 Item,
533 430 600 463 quod
622 430 814 463 Hospitalariis,
835 430 881 463 qui
901 438 950 463 pro
968 430 1102 462 praedicto
1124 430 1181 454 loco

242 471 355 488 annuum
369 472 470 489 censum
489 465 651 489 monasteriis
667 465 837 494 ersoloebant,
851 473 882 490 ne
898 465 981 489 locum
995 464 1087 496 ipsum,
1101 464 1180 488 censi—

241 505 298 522 vam
317 498 427 523 uidelicet
444 499 667 529 monasterium-um,
685 498 856 530 transferrent
873 499 897 523 in
917 498 1038 528 comitem,
1052 503 1074 523 et
1088 498 1180 527 ctmziti,

241 540 273 556 ne
293 533 420 557 censivam
442 533 523 565 ipsam
547 533 676 566 reciperet,
696 533 830 566 prohibitio
851 532 924 564 facta
941 532 997 564 fuit.
1033 533 1087 557 Pro
1106 537 1181 565 parte

240 574 299 590 vero
313 567 410 592 comitis
429 567 559 592 uidebatur
572 576 625 592 esse
634 568 780 600 probatum,
794 567 862 601 quod
874 567 968 591 iustitia
981 567 1092 591 nemoris
1104 575 1182 599 super

241 599 369 632 fortalitia
394 606 430 626 est
455 601 543 635 ipsius,
565 606 587 626 et
609 602 678 635 quod
698 601 791 635 absque
812 602 960 635 cuiusquam
984 601 1078 626 iniuria
1099 601 1181 625 dictus

241 643 324 659 comes
346 635 381 660 ad
401 635 575 669 alberqayium
596 636 723 661 homirmm
745 636 825 669 ipsius
847 636 921 660 villae
938 640 1021 668 potest
1043 636 1180 660 concedere

240 677 329 694 nemus
346 670 436 703 ipsum,
455 671 570 703 quodque
587 679 670 695 comes
686 671 739 703 ipse
754 670 875 695 iustitiam
888 670 960 695 habet
974 670 999 694 in
1012 670 1082 701 villa,
1096 674 1119 694 ct
1131 678 1179 702 pro

240 704 398 729 salz-amento
416 705 446 729 de
462 705 574 738 qualibet
591 705 665 729 domo
683 705 759 729 villae
775 705 839 728 duos
856 705 977 729 denarios
990 704 1103 737 recipere
1119 713 1178 728 con-

239 738 327 763 suevit.
363 739 435 769 Ite‘m,
455 739 522 772 quod
538 739 564 764 in
577 739 663 772 pratis
676 739 915 771 lIospitalariorum
933 743 969 763 est
981 737 1109 770 fortalitia
1123 739 1178 771 ipsa

239 771 359 803 fundata,
377 777 400 798 et
417 774 485 806 quod
502 774 644 807 quicunque
657 773 754 806 aliquid
769 773 841 798 habet
854 773 888 798 ad
906 782 1017 803 censum,
1032 773 1096 797 illud
1106 774 1178 797 salvo

241 815 317 831 censu
337 811 419 840 potest
437 808 574 832 concedere
595 808 638 832 cui
659 809 717 832 vult.
753 807 863 837 Rursus,
882 808 949 841 quod
966 809 991 832 in
1008 808 1094 832 eadem
1118 808 1178 832 villa

240 841 300 865 olim
316 841 403 872 suerat
421 842 510 866 domus
525 841 601 873 fortis
614 843 705 866 clausa
719 842 818 875 palitiis·
829 846 851 866 et
865 840 990 875 fossatis]
1027 842 1099 874 Quia
1111 850 1177 867 vero

239 882 325 908 super
342 875 450 901 damnis
468 875 549 906 datis,
567 881 719 909 antequam
737 876 769 901 lis
788 876 871 901 fuerit
888 880 1055 907 contestata,
1072 884 1177 909 nequa—

240 917 325 942 quam
346 910 382 935 ad
404 910 494 936 dictos
516 910 622 936 iudices
644 911 766 944 cognitio
788 910 956 944 pertinebat,
979 918 1066 943 quum
1087 911 1113 935 in
1136 919 1177 936 re-

240 944 344 978 scripto
369 945 446 970 nulla
470 944 506 970 de
530 944 630 970 illis1'2‘
654 945 760 970 mentio
785 945 944 976 haberetur,
969 953 1021 970 nec
1042 944 1079 970 ad
1100 944 1177 978 ipsos

240 978 393 1012 potuerit13
416 979 570 1004 iurisdictio
593 980 747 1013 prorogari,
773 987 858 1012 quum
882 984 1047 1013 procurator
1071 979 1107 1004 ad
1132 979 1177 1004 illa

239 1013 418 1038 solummodo
436 1013 606 1047 intelligatur
627 1014 805 1045 constitutus,
829 1022 901 1047 quae
923 1013 950 1038 in
972 1013 1176 1039 commissionis

237 1047 324 1073 literis
341 1047 518 1073 inveniuntur
535 1056 677 1081 expressa,
691 1053 728 1080 et,
745 1053 896 1082 postquam
915 1056 1009 1073 comes
1028 1047 1176 1081 publicatis

238 1082 464 1107 attestationibus
494 1082 638 1114 intellexit,
667 1091 751 1116 super
780 1082 823 1108 his
831 1083 854 1100 1⁴
887 1082 975 1107 fuisse
1005 1082 1175 1116 depositum,

238 1116 365 1149 protinus
390 1116 566 1148 contradixit,
590 1125 642 1142 nos
667 1117 784 1142 eosdem
809 1117 915 1142 iudices
942 1115 1087 1151 [protinus]
1113 1125 1174 1150 pro-

236 1151 459 1176 nunciavimus¹5
482 1151 574 1176 minus
598 1151 670 1176 iuste
695 1151 876 1177 interlocutos
902 1151 998 1183 fuisse,
1023 1159 1055 1176 ac
1077 1160 1175 1184 saepe-

237 1184 343 1210 dictum
364 1185 504 1217 comitem,
528 1185 574 1219 qui
597 1186 632 1210 ob
655 1186 708 1211 hoc
730 1185 766 1211 ad
788 1185 984 1219 appellationis
1007 1185 1175 1211 beneficium

238 1219 405 1252 convolavit,
419 1219 714 1245 excommunicationis
728 1221 866 1246 sententia
879 1228 935 1245 non
949 1220 1034 1246 fuisse
1048 1220 1174 1253 ligatum.

237 1252 367 1288 [Ceterum
380 1259 425 1280 etc.
452 1255 513 1279 Dat.
528 1255 615 1280 Later.
630 1255 678 1280 Ao.
692 1255 739 1280 XI.
757 1253 842 1289 1209.]

581 1380 584 1383 Δ
601 1367 643 1387 CA
649 1367 674 1386 P.
689 1367 790 1386 XXXIII.
797 1366 805 1380 ¹

236 1405 279 1428 Qui
293 1408 343 1425 acta
357 1411 437 1425 causae
453 1405 569 1425 relationis
583 1406 682 1425 iudicum
698 1406 850 1429 delegatorum
869 1405 943 1429 sigilla
958 1405 1065 1424 violando
1079 1405 1173 1429 aperuit,

481 1437 527 1451 nou
538 1432 628 1451 auditur
637 1432 779 1456 postmodum
791 1434 869 1451 contra
878 1432 924 1451 illa.

397 1482 488 1509 Idem
507 1483 695 1509 Senonensi
713 1482 1011 1516 Archiepiscop02.

305 1530 397 1563 Quum
410 1530 476 1556 olim
490 1531 524 1555 ad
536 1535 651 1555 nostram
665 1531 818 1555 audientiam
834 1530 998 1563 pervenisset,
1013 1529 1080 1562 quod
1091 1528 1176 1553 dilecti

232 1564 284 1598 filil
302 1565 454 1598 magister3
475 1565 502 1590 S.
526 1570 554 1590 et
569 1565 601 1590 B.
623 1565 880 1590 archidiaconatum
901 1568 929 1589 et
950 1563 1174 1598 praeposituram

234 1599 392 1625 adinvicem
406 1600 641 1625 commutassent4
654 1599 698 1632 <Et
711 1599 807 1632 insi-m)
826 1598 871 1634 [cf.
886 1607 907 1623 e.
922 1606 945 1631 7.
959 1599 988 1623 de
1001 1607 1051 1623 rer.
1061 1602 1172 1631 permut.

234 1633 288 1659 III.
305 1633 356 1668 19.]
395 1634 461 1663 Quia
478 1643 538 1667 erqo
554 1642 632 1667 super
647 1633 718 1666 sin-to
736 1634 815 1666 ipsius
831 1634 863 1659 B.
877 1633 950 1658 nobis
962 1642 1014 1657 non
1027 1637 1130 1666 poterat
1143 1633 1173 1657 de

234 1668 338 1693 veritate
366 1673 493 1699 constare,
523 1677 627 1693 causam
657 1677 734 1701 super
761 1669 808 1693 hoc
837 1667 1022 1693 venerabilibus
1045 1666 1174 1699 fratribus

233 1703 328 1727 nostris
352 1703 512 1736 Linyonensi
534 1707 556 1727 et
583 1703 747 1728 Cabilonensi
770 1703 894 1736 episcopis
917 1702 963 1726 sub
987 1706 1057 1726 certa
1085 1701 1173 1733 forma

233 1737 351 1762 duximus
363 1737 576 1762 committendam.
613 1738 670 1770 Ipsi
680 1746 740 1770 erqo
754 1737 779 1762 in
792 1737 910 1762 mandati
920 1737 1002 1761 nostri
1016 1736 1174 1761 exsecutione

228 1772 370 1804 procedere
391 1772 526 1805 cupientes,
545 1772 665 1805 partibus
681 1773 715 1797 ad
730 1780 804 1797 suam
822 1771 996 1805 praesentiam
1019 1771 1172 1801 convocatis,

232 1810 382 1839 receperunt
411 1811 482 1831 testes
512 1806 630 1840 utrinque
654 1807 802 1840 productos,
832 1806 967 1831 (tudierunt
1000 1804 1173 1837 confessiones

229 1841 344 1873 partium
362 1845 385 1865 et
401 1841 567 1874 depositiones
584 1842 680 1866 testium
699 1841 875 1874 publicarunt.
915 1840 1047 1873 Quumque
1064 1844 1172 1873 propter

233 1875 359 1907 quendam
377 1875 521 1905 articulum,
535 1876 580 1908 qui
595 1875 631 1900 eis
648 1875 792 1900 dubitabitis
806 1875 944 1905 videbatur,
959 1882 1064 1899 causam
1079 1875 1114 1898 ud
1126 1882 1173 1898 nos

231 1909 359 1934 remittere
380 1910 573 1942 proposuissent
596 1910 757 1941 instructam,
777 1914 850 1942 qesta
875 1910 961 1934 omnia
985 1909 1125 1942 rediqentes
1147 1908 1171 1933 in

231 1944 334 1976 scriptis
350 1944 397 1968 sub
413 1944 504 1976 siyillis
518 1944 632 1977 propriis
649 1945 815 1973 incluserunt,
833 1949 855 1969 et
873 1944 1040 1976 usszynarunt
1053 1943 1172 1976 partibus

232 1978 304 2002 nobis
319 1979 429 2012 fideliter
443 1979 656 2012 praesentanda]
692 1979 798 2004 Verum
811 1978 926 2012 supra5⁸
946 1977 1036 2003 dictus
1050 1978 1081 2002 B.
1096 1977 1171 2003 dele—

231 2012 305 2045 gatis
322 2012 424 2038 nostris
442 2021 498 2038 non
516 2012 656 2045 deferens,
674 2013 759 2038 immo
776 2013 868 2038 verius
892 2012 1062 2045 delegantiss,
1081 2012 1172 2045 sigilla

232 2047 348 2072 violavit
360 2047 479 2079 illorum,
489 2051 517 2072 et
531 2047 644 2081 scripta,
655 2055 728 2081 quae
738 2047 819 2072 nobis
832 2047 942 2072 fuerant
955 2046 1170 2080 praesentanda,

231 2089 288 2106 non
301 2081 411 2107 erubuit
425 2081 542 2115 aperire.
581 2081 650 2114 Qui⁷
668 2081 848 2115 postmodum
861 2081 889 2106 in
902 2085 999 2106 nostra
1012 2080 1171 2114 praesentia

232 2116 409 2148 constitutus,
438 2115 598 2141 adversario
627 2124 673 2140 suo
706 2120 866 2150 praesente,
899 2115 927 2140 in
960 2115 1170 2141 excusationem

231 2151 328 2175 suam³
344 2150 491 2184 proposuit
509 2159 597 2175 coram
614 2150 692 2182 nobis,
711 2150 788 2184 quod
810 2150 915 2175 iudices
938 2157 1085 2183 perperam
1106 2157 1170 2182 pro-

231 2190 375 2210 cesserant
392 2189 488 2210 contra
505 2184 623 2218 ipsumss,
641 2192 728 2218 quum
745 2189 808 2210 acta
824 2185 852 2209 in
869 2184 980 2217 scriptis
997 2183 1088 2208 minus
1102 2183 1170 2209 fide-

229 2219 294 2245 liter
305 2219 491 2252 redegissent.
529 2218 612 2245 Unde
627 2219 737 2251 timens,
750 2227 786 2244 ne
799 2219 894 2244 literas
907 2222 1033 2252 portaret
1040 2218 1062 2235 10
1074 2217 1169 2250 Uriae,

230 2253 341 2279 illorum
355 2254 458 2287 scripta
471 2253 590 2288 aperuit,
603 2258 631 2279 et
649 2253 726 2287 quod
745 2253 901 2287 suspicatus
915 2252 1005 2278 fuerat
1017 2252 1169 2278 adinvenit.

230 2288 313 2321 Sane,
330 2288 363 2321 si,
381 2288 487 2322 quod11
504 2287 659 2322 expediret,
676 2287 775 2313 melius
797 2287 961 2318 notavisset,
982 2286 1027 2312 vel
1048 2294 1104 2311 non
1127 2294 1169 2312 re-

229 2322 353 2357 cepisset
375 2322 478 2357 scripta
500 2331 546 2348 sus
569 2327 641 2354 ecta,
658 2322 702 2347 vel
720 2326 834 2356 recepta
851 2321 932 2347 nobis
951 2320 1071 2346 fideliter
1087 2329 1168 2354 prae-

228 2362 378 2389 sentasset,
403 2361 431 2383 et
460 2361 541 2383 osten
564 2356 632 2382 isset
661 2364 774 2381 causam
803 2355 970 2389 suspicionis
1004 2356 1168 2388 propositae

229 2399 324 2417 coram
354 2391 445 2424 nobis,
472 2396 620 2425 praeterea
650 2399 737 2424 quum
760 2398 816 2415 non
841 2389 1105 2423 conquerereturffl·
1132 2389 1168 2415 de

228 2426 329 2458 iudice,
355 2434 440 2460 quem
464 2426 489 2452 ei
514 2425 627 2460 proprio
657 2429 734 2450 motu
759 2424 958 2456 concessimus,
983 2423 1034 2449 sed
1059 2423 1096 2449 de
1120 2424 1166 2449 illo

227 2460 332 2494 potius,
358 2469 443 2494 quem
467 2460 557 2494 ipse¹3
582 2459 698 2485 duxerat
722 2458 894 2492 eligendum,
918 2462 947 2484 et
971 2458 1076 2484 iudices
1102 2466 1166 2484 suas

228 2495 310 2521 nobis
318 2495 340 2513 ¹4
362 2503 412 2529 per
434 2503 498 2521 eum
519 2495 614 2520 literas
633 2493 830 2525 destinassent,
847 2493 882 2519 de
900 2492 962 2526 ipso
981 2492 1085 2526 pariter
1102 2500 1166 2518 con—

229 2534 388 2562 querentes,
406 2529 499 2555 verbis
517 2529 605 2563 ipsius
628 2528 713 2554 fidem
734 2536 790 2553 non
811 2528 940 2553 duximus
962 2526 1166 2558 adhibendam;

228 2563 280 2589 sed
297 2568 326 2589 ut
344 2564 371 2589 in
389 2564 454 2590 eo¹5
469 2563 570 2589 saltem
587 2562 739 2596 puniretur,
757 2562 784 2587 in
803 2570 858 2595 quo
876 2565 1053 2595 peccaverat,
1071 2566 1167 2587 contra

227 2604 291 2624 acta
312 2598 445 2630 iudicum,
467 2606 540 2632 quae
562 2602 669 2623 temere
689 2596 846 2628 violarum,
868 2597 969 2630 ipsum,
991 2595 1062 2621 sicut
1085 2595 1166 2622 nec17

228 2632 385 2665 debuimus,
403 2633 543 2658 noluimus
551 2632 573 2650 ¹⁸
594 2631 736 2663 exaudire,
753 2638 788 2656 ne
805 2630 949 2656 videretur
966 2629 1046 2656 dolus
1059 2638 1127 2656 suus
1140 2631 1165 2656 ei

226 2667 411 2700 patrocinium
424 2667 560 2692 attulisse.
586 2665 683 2701 [Quum
695 2670 740 2690 etc.
753 2666 784 2699 (c.
796 2673 819 2698 7.
830 2665 860 2690 de
873 2674 922 2690 rer.
930 2669 1041 2698 permut.
1052 2665 1106 2698 III,
1116 2665 1166 2699 19.)

225 2702 289 2727 Dat.
303 2702 362 2727 Lat.
376 2702 416 2727 Id.
430 2702 488 2727 Iun.
504 2703 551 2727 Ao.
572 2701 597 2726 V.
616 2699 701 2734 ¹203]

644 2829 675 2851 12)
687 2829 751 2853 ipsis:
771 2827 889 2847 ramma
905 2827 952 2851 Rea.
1027 2827 1060 2853 13)
1078 2830 1160 2853 potuit:

275 2831 328 2850 Tit.
342 2831 421 2850 XXIX.
449 2830 502 2854 Cap.
517 2830 606 2849 xxxu.

674 2856 706 2879 14)
715 2855 771 2874 illis:
786 2856 810 2875 C:
825 2855 912 2874 damnis
923 2855 979 2873 illis:
993 2853 1041 2879 Rcy.
1070 2855 1102 2879 15)
1112 2861 1161 2879 pro-

229 2855 299 2877 Gfflt:
313 2857 406 2881 poterit:
422 2855 451 2877 K:
465 2859 579 2880 potuerat:
594 2855 620 2874 Lb

224 2884 368 2902 nunciamus:
382 2881 466 2901 FGNCc.

276 2908 337 2932 Cap.
351 2908 453 2927 xxxm.
482 2907 502 2931 1)
512 2907 641 2927 Itestitutum
661 2912 684 2925 cx
698 2905 744 2929 Itry.
759 2906 833 2930 Brcqu.
849 2906 874 2927 V.
886 2906 943 2926 ML:
967 2905 1029 2924 Man.
1040 2907 1059 2925 1.
1069 2905 1096 2929 (3,
1108 2907 1160 2930 11.);

224 2934 338 2959 Comp.111.
349 2940 366 2953 c.
374 2937 391 2953 1.
403 2933 427 2952 de
437 2938 476 2952 rer.
486 2939 549 2958 μιϊηι.
561 2935 588 2957 (³,
596 2934 636 2957 15.)
663 2933 683 2954 2)
695 2932 788 2951 Porinas!
799 2938 832 2950 no.
841 2932 896 2951 1⁸06.
923 2932 944 2955 3)
956 2932 1066 2955 magistri:
1076 2932 1103 2951 Ca
1113 2931 1161 2956 Rea.

222 2960 244 2983 4)
254 2962 429 2984 permutassent:
443 2960 459 2979 C
469 2958 518 2983 Ray.
557 2960 579 2982 5)
589 2964 666 2983 supra:
681 2958 748 2977 diest.-
763 2956 857 2978 mults.-
871 2962 948 2981 saepe:
962 2958 1001 2976 eac
1045 2958 1065 2976 ὓ)
1075 2958 1161 2982 delega-

224 2987 309 3005 torum:
324 2985 382 3007 ΝΟΜ
400 2985 536 3009 delegantis:
551 2985 576 3005 Cb
629 2985 649 3005 ἵ)
660 2984 762 3003 Ceterum
779 2984 801 3002 in
820 2985 896 3002 nostra
914 2983 1015 3002 denium:
1034 2982 1110 3007 (deesh
1127 2984 1161 3007 C):

223 3010 273 3030 cRe
288 3026 294 3031 .
320 3012 342 3035 8)
352 3011 477 3035 proprium:
492 3010 518 3030 ib.
568 3011 589 3035 9)
600 3013 632 3030 et:
648 3009 720 3030 Fam.-
734 3014 801 3034 quum
811 3010 844 3027 et:
862 3007 933 3027 ΝΛΜ-Υ

222 3036 251 3056 Lb
327 3038 358 3061 11)
369 3037 434 3061 quid:
448 3035 518 3060 ORea.
590 3037 622 3060 12’)
632 3038 749 3060 queretur:
764 3034 882 3053 mulcabo
892 3033 940 3058 qu.

223 3062 257 3086 1⁴)
267 3063 319 3082 nob.
333 3064 418 3087 pariter
430 3062 477 3081 1it.:
496 3062 544 3087 ch.
624 3062 656 3084 15)
667 3062 721 3081 hoc:
739 3061 796 3080 Cont.
815 3060 887 3080 lto'hm.

224 3088 257 3116 17)
267 3094 324 3108 non:
339 3088 392 3108 eabe
401 3087 448 3113 Ray.
476 3088 509 3113 18)
519 3089 552 3108 sic
561 3088 619 3107 noL:
634 3086 691 3107 Cabc.

301 3129 386 3156 eorpus
401 3130 442 3151 iur.
458 3135 507 3151 can.
534 3130 573 3151 Ed.
587 3129 704 3156 Fru'cdbcty.
731 3130 758 3150 T.
769 3129 797 3149 11.

983 3010 1016 3028 10)
1027 3011 1161 3032 reportaret:

1003 3034 1035 3056 13)
1046 3035 1096 3054 ille:
1110 3034 1163 3054 Las!

967 3059 1000 3085 113)
1010 3060 1113 3080 violavit:
1129 3060 1165 3080 GN

506 243 715 274 DECRETAL.
735 246 898 275 cnecon.
917 245 963 274 1x.
983 247 1048 274 ΜΒ.
1067 246 1087 274 1.
1106 247 1176 274 TIT.
1195 247 1297 274 xxix.
1316 248 1367 274 DE
1387 245 1529 275 orrtc1o
1549 244 1624 275 mo.
1643 243 1726 275 DEL.
1745 256 1768 275 c.
1788 256 1830 282 33.
1850 256 1890 282 34.

2101 247 2151 276 118

1581 326 1597 347 C
1604 327 1622 347 A
1628 327 1653 347 P.
1668 326 1768 348 XXXIV.
1775 326 1783 341 ²

1217 361 1338 383 Delegatus
1352 367 1397 380 non
1412 364 1501 381 tenetur
1511 361 1629 381 admittere
1640 362 1747 386 collegam
1762 362 1805 380 sibi
1820 362 1950 380 adiunctum
1965 366 2003 385 per
2017 361 2094 381 literas
2104 362 2153 380 sub·

1217 388 1323 410 reptitias,
1334 393 1375 406 uec
1390 388 1458 411 ipsius
1468 388 1644 411 subdelegatum.
1672 389 1719 407 Hoc
1731 388 1784 407 diei!
1795 388 1917 406 secundum
1928 393 1996 406 unum
2007 387 2152 406 intellectum.

1217 413 1257 431 Vel
1268 413 1311 431 sic:
1328 413 1449 437 Delegatus
1463 413 1631 437 submit—legatum
1646 414 1745 438 collegae
1760 413 1861 437 impediti
1872 419 1917 432 non
1927 416 2016 432 tenetur
2025 413 2153 436 admittere.

1216 438 1234 457 si
1253 439 1276 457 in
1296 439 1402 462 rescripto
1417 442 1450 458 est
1465 439 1575 458 clausula:
1595 440 1673 463 „quod
1689 440 1707 458 si
1722 440 1795 463 ambo,
1810 438 1869 458 etc-‘¹
1896 439 1944 458 Hoc
1959 439 2014 457 dicit
2029 439 2151 458 secuudum

1571 465 1640 484 alium
1650 465 1798 485 intellectum.

1271 514 1360 540 Idem
1379 515 1504 540 Abbati
1524 520 1555 541 et
1575 515 1796 549 Capellan02·
1815 519 1954 541 sanctae
1973 515 2098 540 Mariae

1559 554 1812 580 Bononiensi53.

1285 600 1386 626 Coram
1404 600 1523 626 dilect0⁴
1545 600 1600 626 filio
1623 606 1710 626 nostro
1728 601 1765 626 M.
1782 601 1869 626 sancti
1888 601 2014 626 Theodori
2034 600 2151 626 diacono

1215 633 1355 666 cardinali,
1378 643 1462 668 quem
1484 635 1533 661 tibi
1556 640 1584 661 et
1605 636 1695 660 dilecto
1715 636 1770 669 filio
1793 635 1846 661 ΗΞ)
1865 635 1976 667 nuncio,
1997 640 2027 660 et
2048 635 2150 660 clerico

1215 674 1328 694 sanctae
1341 669 1470 702 Agathae
1483 669 1644 695 adversario
1662 674 1719 701 tuo,
1733 670 1780 703 qui
1794 678 1857 695 cum
1874 669 2064 695 instrumentis
2077 669 2149 695 eius-

1216 702 1281 728 dem
1299 703 1444 735 ecclesiae,
1462 703 1513 729 sed
1530 704 1637 737 absque
1656 704 1741 729 literis
1760 704 1795 730 de
1813 704 2019 736 ratihabitione,
2031 703 2069 728 ad
2082 711 2149 737 apo-

1215 737 1342 763 stolicam
1372 738 1470 764 sedem
1498 742 1665 769 accesserat,
1694 738 1745 763 sed
1775 738 1811 764 de
1843 743 1903 764 rato
1937 743 2048 764 caverat
2081 738 2151 763 sub⁶

1214 771 1390 797 fideiussoria
1414 772 1553 804 cautione,
1578 772 1768 798 concessimus
1794 772 1960 805 auditorem,
1985 771 2150 797 constitutus7

1214 814 1372 839 proponere
1393 806 1533 839 curavisti,
1556 806 1641 840 quod,
1659 815 1745 840 quum
1763 807 1820 831 olim
1839 807 1953 840 quidam
1972 807 1998 832 in
2017 806 2150 840 parochia

1214 845 1325 866 sanctae
1339 841 1453 872 Mariae,
1464 845 1522 874 post
1535 841 1733 873 appellationem
1747 841 1920 874 interpositam
1935 842 1970 866 ad
1981 841 2150 874 apostolicam

1212 875 1302 903 sedem,
1325 875 1352 900 in
1373 875 1543 900 honoremss·
1564 875 1665 900 beatae
1686 875 1815 908 Agathae
1836 876 1936 899 domum
1958 880 1981 900 et
2002 875 2150 901 ecclesiam

1213 909 1423 941 construxisset,
1441 910 1522 934 bonae
1535 910 1672 934 memoriae
1688 909 1847 935 Alexander
1860 909 1968 943 Papass·
1982 909 2149 943 praedeces-

1212 951 1259 968 sor
1272 948 1367 969 noster
1380 952 1494 969 causam
1507 951 1591 977 super
1603 943 1657 969 hoc
1671 944 1698 968 T.
1712 943 1807 969 abbati
1821 945 1908 969 sancti
1922 944 2064 977 Stephani,
2078 948 2106 970 et
2120 945 2148 969 T.

1213 977 1298 1011 priori
1316 978 1404 1003 sancti
1418 978 1539 1003 Victoris
1557 978 1696 1003 commisit
1715 979 1768 1011 fine
1785 978 1864 1002 debito
1887 978 2149 1009 terminandan110‘;

1212 1012 1258 1045 qui
1288 1013 1380 1037 auditis
1409 1021 1474 1046 quae
1500 1012 1604 1044 fuerant
1628 1013 1684 1037 hinc
1713 1013 1770 1037 inde
1796 1013 1938 1045 proposita,
1963 1017 1985 1037 et
2010 1013 2151 1037 rationibus

1209 1047 1322 1079 partium
1340 1047 1502 1079 diliyenterll
1521 1047 1647 1079 inspectis,
1664 1055 1715 1080 pro
1733 1046 1852 1072 ecclesia
1868 1047 1896 1072 S.
1909 1047 2014 1072 Mariae
2028 1046 2149 1072 diffiniti-

1211 1089 1274 1106 vam
1299 1081 1468 1107 sententiam
1492 1081 1675 1114 protulerunt,
1699 1090 1765 1114 quae
1786 1090 1834 1114 per
1858 1081 1940 1112 felicis
1965 1082 2150 1106 recordationis

1211 1115 1326 1146 Lucium,
1352 1115 1505 1148 Greyorium
1528 1120 1550 1140 et
1573 1116 1724 1140 Clementem
1742 1116 1955 1148 praedecessores
1979 1120 2080 1140 nostros
2101 1115 2150 1147 fuit

1207 1150 1370 1182 postmodum
1388 1150 1549 1183 confirmata.
1586 1149 1692 1175 Verum
1709 1150 1869 1183 capellanus
1888 1154 2001 1175 sanctae
2018 1150 2148 1182 Agathae

1211 1184 1367 1209 sententiae
1380 1192 1480 1217 parere
1493 1184 1701 1217 contempsitlss,
1711 1189 1733 1209 et
1745 1184 1917 1217 parochianos
1929 1188 2035 1209 sunctae
2046 1184 2150 1209 AIariae

1211 1219 1245 1242 ad
1265 1218 1437 1243 ecclesiastica
1458 1223 1623 1243 sacramenta
1645 1219 1745 1251 recepit,
1767 1223 1789 1243 et
1810 1227 1948 1251 suspensus
1969 1219 2053 1243 divina
2074 1227 2149 1251 prae-

1209 1253 1316 1285 sumpsit
1329 1253 1411 1286 officia
1425 1253 1561 1277 celebrare.
1588 1253 1736 1286 Quumque
1747 1261 1832 1286 super
1844 1253 1945 1279 eadem
1958 1260 2043 1278 causa
2055 1260 2149 1278 coram

1211 1287 1349 1312 venerabili
1374 1286 1457 1318 fratre
1485 1292 1574 1311 nostro
1599 1287 1633 1312 H.
1658 1287 1829 1313 Ferrariensi
1858 1287 1992 1321 episcopo
2021 1286 2077 1319 sere
2100 1295 2151 1321 per

1210 1329 1314 1346 annum
1327 1321 1513 1355 disceptatum
1527 1321 1625 1347 suisset
1638 1331 1653 1346 a
1665 1322 1790 1355 partibus,
1801 1322 1934 1354 productis
1947 1322 2048 1346 testibus
2061 1330 2149 1346 coram

1210 1364 1247 1387 eo,
1273 1364 1337 1389 pars
1363 1355 1500 1381 ecclesiae
1521 1360 1634 1381 sanctae
1658 1356 1796 1389 Agathae,
1819 1356 1917 1381 horum
1941 1355 2059 1382 veritate
2083 1364 2148 1390 sup—

1210 1398 1318 1423 pressa,
1335 1390 1453 1415 dilectum
1473 1391 1557 1424 filium
1578 1390 1744 1424 magistrum
1760 1391 1790 1416 L.
1797 1391 1820 1408 13
1836 1390 2044 1416 Bononiensem
2065 1398 2147 1416 cano-

1209 1424 1302 1450 nicum
1315 1424 1435 1450 obtinuit
1447 1424 1541 1450 eidem
1554 1425 1688 1458 episcopo
1705 1425 1733 1450 in
1746 1433 1847 1451 causae
1864 1424 2008 1450 decisione
2021 1424 2146 1458 adiungi.

1210 1458 1262 1492 Qui
1277 1467 1363 1492 quum
1370 1459 1391 1476 14
1409 1467 1510 1485 causae
1524 1459 1660 1485 interesse
1673 1467 1729 1484 non
1742 1464 1848 1493 posset,
1865 1459 2025 1493 praedictus
2039 1460 2147 1493 episco-

1209 1501 1270 1526 pus,
1284 1494 1328 1518 cui
1341 1502 1392 1527 per
1405 1498 1557 1527 sequentes
1570 1494 1664 1519 literas
1678 1494 1828 1527 impetratas
1841 1494 1913 1519 tertio
1924 1493 2110 1519 mandabatur
2116 1494 2147 1525 15,

1209 1532 1250 1559 ut,
1275 1527 1298 1553 si
1321 1528 1405 1553 ambo
1434 1528 1570 1554 interesse
1598 1536 1654 1553 non
1681 1532 1797 1561 possent
1821 1528 1960 1554 mandatis
1985 1528 2147 1562 apostolicis

1208 1562 1406 1596 exsequendiS‚
1427 1570 1461 1588 ea
1483 1563 1543 1596 ipse
1564 1563 1743 1588 nihilominus
1761 1562 1935 1596 adimpleret,
1956 1563 2147 1593 †attestationi-

1208 1597 1252 1621 bus
1269 1597 1409 1630 publicatis
1421 1602 1444 1622 et
1463 1597 1603 1622 rationibus
1619 1597 1720 1630 plenius
1737 1598 1868 1622 intellectis
1884 1597 2051 1622 sententiam
2068 1605 2147 1631 prae-

1208 1631 1311 1656 dictam
1333 1631 1516 1664 confirmavst,
1538 1633 1674 1665 capellano
1692 1634 1720 1657 S.
1738 1632 1855 1664 Ayathae
1876 1632 1922 1656 sub
1939 1640 2025 1664 poena
2047 1640 2146 1656 excom-

1208 1666 1387 1690 municationis
1404 1666 1545 1699 iniunqens,
1565 1671 1590 1691 ut
1607 1667 1705 1691 nullum
1719 1667 1938 1699 parochianorum
1956 1670 2056 1690 tuorum
2074 1665 2146 1696 infra

1208 1705 1290 1725 certos
1307 1701 1426 1725 terminos
1444 1701 1658 1725 commorantium
1675 1701 1709 1725 ad
1726 1701 1808 1734 officia
1821 1701 1906 1725 diuina
1920 1701 1957 1725 vet
1974 1701 2145 1725 ecclesiastica

1208 1735 1329 1768 reczperet
1353 1740 1524 1760 sacramenta.
1561 1736 1604 1760 Ad
1630 1736 1677 1760 hoc
1705 1735 1787 1760 dictus
1811 1735 1957 1767 Huqolinus
1986 1743 2016 1759 ez
2040 1735 2146 1760 aduerso

1208 1770 1347 1802 respondit,
1372 1770 1439 1803 quod
1467 1771 1527 1794 olim
1556 1770 1758 1802 archipresbyter
1786 1770 1816 1794 de
1845 1769 1950 1794 Pastino
1975 1778 1991 1793 a
2012 1769 2145 1802 praedicto

1208 1805 1358 1829 Alexandro
1373 1805 1572 1837 praedecessore
1588 1808 1675 1829 nostro
1694 1804 1876 1837 indulgentiam
1899 1804 2050 1836 impetrarit,
2074 1808 2098 1828 ut
2120 1804 2144 1828 in

1208 1838 1260 1863 uico
1276 1839 1446 1869 Castellionts,
1460 1839 1486 1863 in
1502 1847 1552 1872 quo
1569 1843 1794 1872 superexcreverat
1807 1839 1901 1871 populi
1915 1838 2054 1869 multitudo,
2068 1839 2146 1863 eccle-

1206 1873 1271 1897 siam
1293 1873 1323 1897 de
1344 1882 1408 1897 noro
1427 1872 1558 1905 fundaret.
1600 1873 1672 1898 Unde
1693 1878 1753 1898 tunc
1770 1873 1942 1898 Bononiensis
1963 1873 2096 1905 episcopus
2117 1873 2148 1897 de

1208 1908 1330 1932 mandato
1348 1908 1456 1932 eiusdem
1473 1908 1679 1940 praedecessoris
1696 1908 1780 1932 nostri
1795 1912 1817 1932 et
1834 1908 1917 1932 locum
1929 1907 2046 1940 siqnacit,
2060 1911 2082 1932 et
2090 1907 2146 1940 pri-

1207 1942 1316 1967 marium
1333 1942 1444 1975 lapidem
1463 1942 1593 1974 benedixit,
1612 1946 1634 1966 et
1651 1942 1676 1967 in
1694 1941 1861 1974 fundamento
1882 1942 2020 1966 secundum
2042 1950 2145 1966 consue-

1207 1977 1317 2001 tudinem
1339 1977 1482 2008 collocarit,
1501 1981 1524 2002 et
1543 1977 1579 2001 sic
1601 1977 1728 2010 capellam
1749 1977 1774 2001 in
1792 1977 1877 2001 eodem
1894 1977 1951 2001 loco
1973 1980 2145 2001 constructam

1207 2019 1263 2035 cum
1277 2015 1329 2035 tota
1343 2011 1478 2044 parochia,
1495 2019 1574 2044 quam
1591 2020 1670 2044 usque
1685 2011 1758 2036 hodie
1774 2011 1847 2036 habet
1864 2010 1971 2035 ecclesio
1988 2010 2018 2035 de
2030 2011 2144 2039 pastino.

1205 2054 1251 2078 per
1264 2045 1320 2070 XX.
1334 2054 1417 2070 annos
1430 2046 1494 2070 iuste
1504 2046 1624 2078 possedit,
1637 2054 1713 2079 quam
1731 2045 1814 2076 felicis
1827 2045 2012 2070 recordationis
2027 2045 2144 2070 Caelesti-

1206 2088 1254 2104 nus
1266 2080 1343 2113 Papa
1358 2080 1542 2113 praedecessor
1558 2084 1644 2104 noster
1661 2080 1696 2105 eis
1713 2080 1766 2104 suis
1784 2080 1864 2104 literis
1881 2080 2050 2113 confirmavit,
2064 2084 2086 2104 et
2099 2088 2145 2103 nos

1204 2114 1251 2138 sub
1275 2119 1365 2139 nostra
1386 2115 1545 2147 protectione
1569 2114 1708 2147 recepimus
1729 2114 1891 2139 constitutum
1912 2114 1984 2138 nobis
2006 2114 2038 2138 ab
2059 2114 2143 2138 eodem

1205 2148 1422 2181 archipresbytero
1444 2149 1596 2174 censualem.
1639 2149 1712 2173 Unde
1732 2149 1792 2173 olim
1815 2149 1917 2182 quidam
1942 2149 2082 2173 canonicus
2106 2157 2144 2172 re-

1202 2183 1302 2215 yularis
1323 2183 1356 2207 ab
1377 2183 1594 2216 archipresbytero
1611 2183 1642 2208 de
1658 2183 1774 2215 Pastino,
1794 2188 1819 2208 ut
1836 2183 1922 2208 divina
1939 2183 1965 2207 in
1981 2183 2068 2207 eadem
2081 2183 2144 2207 cele-

1205 2217 1291 2242 braret
1308 2217 1391 2250 officia
1412 2218 1555 2250 deputatus,
1575 2222 1681 2250 practer
1701 2218 1877 2242 auctoritatem
1896 2217 2107 2250 archipresbyteri
2121 2221 2144 2241 et

1204 2252 1313 2284 capituli
1323 2253 1353 2276 de
1365 2252 1473 2277 Pastino
1487 2260 1577 2277 coram
1589 2252 1724 2285 praedicto
1738 2252 1828 2277 abbate
1840 2254 1868 2277 S.
1882 2251 2007 2284 Stephani
2018 2256 2040 2276 ct
2053 2252 2143 2284 priore

1204 2288 1231 2311 S.
1252 2285 1359 2311 Victoris
1372 2286 1404 2311 ab
1421 2286 1473 2311 illis
1490 2287 1582 2312 citatus
1598 2287 1729 2320 apparuit,
1745 2287 1790 2312 sed
1806 2295 1895 2311 coram
1911 2286 1946 2310 eis
1958 2286 2077 2311 iudicium
2090 2294 2141 2310 non

1202 2320 1300 2345 subicit.
1336 2321 1419 2346 Immo
1432 2321 1465 2346 ab
1478 2321 1540 2354 ipsis
1552 2326 1675 2354 tanquam
1688 2321 1718 2346 de
1731 2321 1830 2346 ratione
1842 2320 1973 2353 suspectis,
1988 2320 2047 2353 quia
2063 2328 2140 2352 prae-

1202 2355 1296 2380 dictam
1314 2355 1362 2380 sibi
1378 2356 1511 2380 valuerant
1530 2356 1682 2388 parochiam
1699 2356 1836 2386 uindicare,
1855 2356 1889 2380 ad
1909 2359 2024 2379 nostram
2042 2354 2141 2378 duzitffi

1202 2389 1357 2414 audientiam
1375 2390 1566 2423 appellandum.
1602 2390 1683 2416 Iidem
1705 2394 1788 2415 autem
1811 2390 1904 2414 iudices
1925 2397 1977 2413 non
1999 2389 2140 2413 dubitantes

1202 2424 1320 2449 mandati
1332 2425 1399 2458 sines
1416 2424 1543 2455 ezcedere,
1561 2429 1614 2449 tam
1627 2433 1703 2458 super
1716 2433 1780 2449 nouo
1797 2433 1875 2457 quum
1889 2423 1966 2448 veteri
1972 2423 2070 2456 populo
2083 2431 2139 2447 sen-

1202 2459 1304 2483 tentiam
1317 2459 1490 2492 protulerunt,
1508 2467 1584 2492 quum
1602 2459 1738 2484 secundum
1756 2463 1867 2484 tenorem
1885 2459 2018 2483 literarum
2031 2457 2138 2482 directa—

1202 2501 1259 2517 rum
1276 2493 1311 2518 ad
1327 2502 1369 2518 eos
1387 2502 1439 2518 non
1453 2494 1596 2526 potuissent
1613 2493 1664 2518 nisi
1678 2494 1708 2518 de
1725 2493 1802 2518 ceteri
1816 2493 1936 2517 iudicare.
1973 2491 2138 2516 Postmodum

1202 2536 1259 2552 vero
1278 2532 1434 2553 memoratus
1451 2528 1591 2553 canonicus
1609 2532 1700 2553 contra
1719 2528 1880 2558 voluntatem,
1899 2527 1973 2551 immo
1990 2525 2138 2558 prohibitio-

1200 2570 1257 2587 nem
1274 2562 1488 2595 archipresbyteri
1502 2563 1544 2587 sui
1559 2571 1648 2588 coram
1664 2562 1827 2587 Feri-ariensi
1845 2561 1963 2594 episcopo
1980 2568 2139 2593 comparens,

1199 2597 1246 2621 sub
1263 2605 1292 2621 eo
1309 2597 1499 2630 aliquantulum
1516 2597 1638 2630 linqui-tu
1657 2597 1702 2622 sed
1719 2596 1821 2621 tandem
1837 2599 1972 2628 cmnperlov
1995 2595 2063 2627 quod
2084 2595 2139 2618 ¹1¹¹?-

1201 2631 1268 2656 versi
1282 2630 1428 2663 familiares
1450 2631 1503 2656 eius
1520 2632 1544 2656 ei
1558 2636 1639 2656 essent
1656 2631 1763 2661 adt-ersi,
1778 2630 1937 2663 praedictum
1954 2629 2102 2661 muqistrum
2116 2628 2141 2653 ei

1200 2664 1260 2697 fecit
1270 2666 1383 2699 adiunqi.
1412 2665 1536 2691 Nuncius
1544 2665 1566 2683 17
1578 2674 1645 2691 vero
1657 2665 1793 2691 ecclesiae
1804 2669 1916 2689 sanctae
1925 2663 2055 2695 Agathae
2066 2662 2137 2688 inter

1200 2699 1255 2725 alia
1267 2699 1425 2734 proposuit,
1439 2700 1526 2734 quod,
1540 2708 1626 2734 quum
1640 2699 1730 2725 dictus
1742 2698 1876 2732 magister
1888 2697 1918 2723 L.
1926 2697 1965 2715 ¹⁸·
1983 2697 2059 2723 vices
2072 2704 2136 2723 suas

1249 2829 1310 2854 Cap.
1325 2829 1426 2849 xxxw.
1453 2829 1473 2851 1)
1483 2828 1609 2849 assolutum
1621 2834 1645 2847 cr
1654 2826 1704 2846 amr.
1715 2826 1771 2846 arist.
1783 2826 1839 2845 atra
1851 2825 1881 2845 m.
1889 2827 1920 2846 z:
1930 2825 1997 2851 corrup.
2008 2826 2046 2845 ΠΙ.
2057 2827 2099 2846 c.1.
2111 2825 2137 2845 de

1194 2856 1279 2880 paroch.
1290 2857 1318 2879 (3,
1328 2855 1369 2879 23.)
1405 2857 1426 2878 2)
1436 2856 1528 2874 Alberto
1538 2854 1648 2878 Cappell.:
1664 2853 1712 2872 buc
1749 2854 1769 2872 3)
1780 2852 1807 2871 (lo
1818 2853 1885 2871 Porta
1895 2852 2026 2871 Ravennam
2036 2853 2135 2872 Eunom:

1196 2882 1221 2903 C:
1231 2892 1255 2895 —
1265 2886 1305 2900 arr.
1316 2887 1349 2901 ao.
1363 2883 1417 2900 1:301.
1425 2892 1448 2895 —
1458 2881 1553 2900 I'ottbust
1567 2885 1601 2899 no.
1613 2881 1668 2899 1337.
1696 2879 1716 2899 4)
1727 2884 1772 2897 cor.
1783 2878 1821 2896 dil.
1832 2878 1877 2896 tilio
1888 2879 1910 2896 et
1917 2878 1976 2896 infra
1985 2880 2046 2903 (seqq.
2057 2877 2135 2898 desum

1196 2912 1260 2952 3⁸⁹¹?
1270 2906 1298 2951 ‘'L-¹
1308 2907 1458 2939 Ff‘f²'⁵³'·¹⁸‘⁸
1468 2912 1501 2931 ⁰⁹·
1511 2906 1644 2950 ¹”'⁰¹Zs.·'⁵'“.'}¹
1651 2904 1806 2949 5‘¹'¹355''5}1{1.{‘¹
1833 2904 1854 2947 ἓ),
1864 2903 2136 2949 ἕζὲὸίἒ(”ἰ9ιίἠιῗὲι“ἑήἶὲ

1211 2938 1243 2951 ῐέδ
1257 2939 1264 2951 -“
1325 2940 1330 2952 t
1353 2939 1376 2951 lu
1387 2939 1449 2952 culus
1467 2938 1552 2951 ira-:sun
1565 2938 1571 2950 Ι
1595 2937 1621 2949 (⁵0
1639 2937 1648 2948 S
1661 2936 1677 2948 ,ἶ
1789 2943 1794 2947 -
1957 2935 1962 2948 ζ

1196 2959 1216 2979 9)
1226 2959 1299 2983 Papa:
1317 2934 1386 2977 diest,-
1404 2939 1509 2977 FGHiKX
1584 2958 1616 2976 ιο)
1627 2959 1701 2974 terim:
1719 2955 1788 2974 derst:
1805 2954 1866 2974 Codd.
1876 2954 1923 2974 coll.
1933 2959 1952 2974 ο.
2031 2955 2063 2979 11)
2073 2955 2122 2975 add.
2129 2962 2136 2974 :

1196 2984 1316 3004 intellectis
1327 2987 1359 3004 et:
1375 2984 1400 3003 Cb
1450 2984 1482 3003 12)
1493 2985 1648 3003 contemnens:
1663 2982 1678 2999 U
1721 2981 1752 3003 13)
1764 2981 1923 3000 lanfrancum:
1937 2980 2002 3005 Cat-qh
2048 2982 2081 3004 14)
2091 2981 2136 3001 Sed

1196 3015 1263 3034 quum
1274 3010 1332 3029 idem
1344 3011 1460 3033 magister:
1474 3010 1490 3028 C
1515 3009 1547 3031 15)
1557 3008 1685 3027 inundatur:
1700 3008 1738 3026 cu:
1752 3006 1926 3025 mandabamus:
1935 3006 1961 3026 011
1992 3007 2025 3031 16)
2035 3007 2137 3026 duxerit:

1197 3037 1236 3055 Ga:
1251 3036 1356 3054 duxerat:
1371 3037 1396 3055 cc
1450 3036 1481 3059 1⁵1⁸)
1493 3035 1535 3058 Qui
1546 3039 1614 3058 quum
1624 3033 1684 3052 vices
1694 3031 1788 3057 (reliquis
1797 3032 1902 3056 antissam
1911 3032 1928 3052 0
1977 3034 2010 3056 18)
2020 3033 2058 3052 L.:
2067 3033 2138 3054 deest:

1197 3060 1251 3080 Fon
1252 3061 1262 3080 1
1264 3061 1310 3080 Kb«
1314 3060 1360 3080 its.

1824 3116 1858 3144 12
