2243 3288
430 504 1124 552 EXTRAVAGANTES
1187 504 1722 558 DECRETALES

1015 604 1141 640 QUAE

540 690 576 726 A
616 689 875 725 DIVERSIS
918 689 1173 725 ROMANIS
1215 689 1614 725 PONTIFICIBUS

751 785 852 814 POST
887 785 1052 814 SEXTUM

699 919 922 964 1,1‡B‡E
950 920 993 964 R.

455 1043 678 1072 TITULUS
707 1044 728 1072 I.

381 1101 436 1127 DE
457 1101 806 1128 CONSUETUDINE.

525 1172 599 1191 CAP.
614 1172 666 1191 Px.

125 1205 269 1225 Consuetudo
280 1206 411 1230 impediens.
423 1212 451 1225 ne
462 1206 529 1230 legati
540 1207 598 1225 sedis
609 1206 745 1230 apostolicae
756 1207 899 1230 recipiantur,
907 1212 952 1226 uon
962 1206 1064 1230 vai-anet,

123 1232 163 1251 illa
173 1238 219 1251 nou
230 1233 339 1253 obstante.
350 1232 418 1256 legati
429 1233 471 1256 ipsi
481 1234 532 1251 suut
542 1233 569 1251 ab
580 1232 684 1251 omnibus
695 1233 824 1256 recipiendi,
837 1235 858 1251 et
869 1238 906 1251 eos
916 1233 1064 1255 impedientes

124 1258 171 1282 ipso
191 1258 249 1277 sacto
269 1259 527 1277 excommunicationem
548 1258 671 1281 incurrunt,
691 1260 712 1276 et
731 1263 808 1277 eorum
823 1260 896 1277 terrae
911 1258 1063 1277 eeclesiastico

449 1284 599 1303 subiiciuutur
608 1284 736 1303 interdicto.

463 1327 606 1352 Ioannes
625 1326 727 1352 ΧΧΙΙ.ι

195 1369 285 1404 Super
297 1373 397 1402 gentes
411 1373 439 1395 et
453 1378 539 1402 regna
549 1370 691 1395 Romanus
702 1369 829 1395 Pontifex
840 1378 856 1395 a
865 1370 986 1395 Domino
1001 1377 1064 1395 con-

127 1404 249 1436 stitutus,
269 1412 355 1438 quum
377 1404 562 1438 personaliter
584 1403 706 1436 singulas
730 1404 858 1437 regiones
877 1404 991 1429 circuire
1009 1412 1065 1429 non

125 1439 226 1499 possit,
240 1446 292 1464 nec
305 1438 378 1464 circa
390 1447 507 1471 gregem
521 1438 574 1463 sibi
588 1438 725 1463 creditum
739 1447 832 1464 curam
846 1439 995 1472 pastoralis
1010 1438 1064 1463 sol-

136 1473 276 1499 icitudinis
288 1481 432 1498 exercere:
448 1481 564 1498 necesse
575 1472 660 1498 habet
672 1472 813 1498 interdum
824 1482 857 1499 ex
869 1473 965 1499 debito
976 1473 1064 1506 impo-

126 1508 197 1534 sitae
209 1507 433 1539 servitutis‚suos
444 1507 480 1532 ad
492 1507 615 1533 diversas
627 1507 723 1532 mundi
735 1512 839 1540 partes,
852 1512 934 1541 prout
945 1507 1065 1533 necessi-

126 1547 199 1568 tates
207 1542 380 1574 emerserint,
388 1541 530 1567 destinare
540 1541 659 1575 legatos,
667 1542 796 1575 quivices
807 1542 895 1575 ipsius
906 1541 1064 1575 supplendo

126 1577 233 1603 erratal
252 1576 401 1609 corrigant,
415 1585 515 1609 aspera
533 1576 560 1601 in
577 1576 661 1609 plana
678 1581 849 1608 convertant,
863 1581 891 1602 et
909 1576 1065 1602 commissis

128 1611 181 1637 sibi
203 1611 314 1645 populis
333 1610 430 1636 salutis
453 1611 624 1636 incrementa
646 1610 812 1637 ministrent.
848 1610 1066 1636 Verumtamen2

127 1646 222 1680 aliqui,
247 1645 407 1671 huiusmodi
433 1645 556 1670 officium
580 1649 608 1670 et
637 1650 807 1679 potestatem
833 1645 920 1679 ipsius
946 1645 1065 1670 Romani

126 1680 278 1712 Pontificis,
293 1688 377 1713 quam
394 1688 449 1705 non
462 1680 497 1705 ab
515 1679 636 1711 homine,
650 1679 700 1705 sed
713 1688 730 1705 a
742 1680 805 1706 Deo
819 1680 934 1713 recepit,
949 1680 1000 1705 sub
1014 1688 1064 1705 suo

127 1715 242 1740 arbitrio
261 1714 390 1747 redigere
408 1714 566 1745 molientes,
581 1714 690 1747 legatos
709 1714 794 1748 ipsos,
808 1714 860 1740 nisi
878 1714 913 1740 ab
927 1714 967 1740 eis
985 1714 1064 1748 petiti

127 1749 240 1781 fuerint,
251 1749 295 1775 vel
309 1748 344 1774 de
358 1748 536 1782 beneplacito
547 1756 645 1774 eorum
659 1749 822 1781 transmissi,
833 1749 885 1774 sibi
900 1754 985 1774 terras
1001 1749 1064 1774 sub-

127 1784 224 1815 iectas,
239 1783 374 1815 dicentes,
388 1783 441 1808 hoc
455 1783 494 1809 eis
509 1783 544 1808 de
558 1783 760 1809 consuetudine
775 1788 944 1816 competere,
956 1783 1064 1816 ingredi

126 1827 183 1844 non
205 1818 377 1852 permittunt.
413 1818 481 1850 Nos,
503 1817 662 1843 huiusmodi
681 1817 912 1843 consuetudinem
929 1826 985 1843 non
1007 1822 1064 1843 tam

127 1852 355 1883 irrationabilem,
370 1860 454 1886 quam
471 1860 671 1885 nonnunquam
689 1852 844 1877 animarum
860 1852 942 1877 saluti
956 1856 1064 1877 contra-

127 1888 196 1913 riam
210 1887 463 1920 detrahentemque
477 1886 650 1920 apostolicae
667 1887 799 1920 potestati
817 1887 984 1912 auctoritate
997 1895 1063 1920 apo-

128 1922 227 1948 stolica
240 1921 350 1955 penitus
362 1921 557 1955 reprobantes,
568 1921 677 1954 legatos
688 1921 764 1954 ipsos
775 1921 810 1947 ab
824 1921 963 1953 omnibus,
974 1921 1063 1946 cuius-

129 1964 239 1989 cunque
250 1955 670 1990 praeeminentiae,conditionis
680 1960 727 1981 aut
738 1960 826 1981 status
837 1955 948 1987 fuerint,
960 1955 1065 1981 debere

128 1991 238 2017 admitti
250 1990 434 2022 decernimus,
445 1998 496 2016 nec
506 1998 556 2016 eos
566 1994 711 2023 praetextu
723 1990 843 2015 cuiusvis
854 1990 1064 2016 consuetudinis

127 2024 256 2059 impediri
271 2032 356 2058 posse
367 2033 383 2050 a
394 2033 545 2058 quoquam,
557 2024 716 2050 Christiano
726 2024 839 2050 nomine
850 2024 996 2057 gloriante,
1008 2032 1063 2058 quo

128 2061 219 2086 minus
234 2067 328 2092 regna,
342 2059 499 2092 provincias
517 2063 546 2084 et
563 2062 651 2084 terras
669 2059 817 2092 quaslibet,
831 2059 867 2084 ad
881 2067 952 2092 quae
971 2058 1065 2092 ipsosss

130 2094 262 2120 destinari
281 2093 438 2126 contigerit,
456 2093 647 2126 ingrediantur
663 2093 759 2126 libere,
777 2101 809 2118 ac
827 2093 993 2119 commissae
1011 2092 1065 2118 sibi

128 2128 278 2163 legationis
292 2128 415 2153 officium
429 2132 578 2153 exerceant
591 2128 617 2153 in
631 2127 748 2153 eisdem.
775 2128 827 2161 Qui
840 2136 907 2153 vero
922 2127 956 2153 de
970 2132 1064 2153 cetero

129 2172 214 2198 super
231 2162 382 2197 praedictis
401 2162 491 2187 dictos
509 2162 617 2195 legatos
635 2166 682 2187 aut
700 2162 784 2188 etiarn
801 2162 926 2194 nuncios,
941 2170 1011 2196 quos
1029 2161 1064 2187 ad

129 2205 312 2232 quascunque
326 2201 420 2230 partes
438 2205 489 2230 pro
503 2197 593 2222 causis
609 2196 781 2230 quibuslibet
798 2197 881 2222 sedes
900 2197 960 2230 ipsa
977 2201 1064 2222 trans-

127 2232 243 2263 miserit,
257 2231 496 2265 praesumpserint
509 2231 657 2265 impedire,
670 2231 731 2265 ipso
746 2231 819 2256 facto
838 2231 1006 2256 sententiam
1020 2239 1065 2256 ex-

128 2265 388 2293 communicationis
403 2266 550 2292 incurrant.
580 2266 688 2299 Regna,
702 2270 793 2292 terrae
807 2269 834 2291 et
847 2265 909 2291 loca
923 2265 1065 2299 quaelibet

129 2301 256 2328 subiecta
274 2300 382 2326 eisdem
400 2300 505 2325 tamdiu
519 2300 575 2325 sint
588 2308 622 2326 eo
640 2300 702 2333 ipso
716 2300 906 2326 ecclesiastico
921 2300 1067 2334 supposita

129 2336 288 2367 interdicto,
302 2334 434 2368 quamdiu
452 2334 479 2359 in
497 2334 656 2359 huiusmodi
671 2334 845 2360 contumacia
863 2334 991 2359 duxerint
1004 2343 1066 2368 per-

129 2370 299 2401 sistendum,
324 2377 380 2395 non
406 2369 584 2394 obstantibus
611 2369 783 2402 quibuslibet
812 2368 992 2401 indulgentiis
1019 2373 1066 2394 aut

129 2404 292 2440 privilegiis,
303 2403 520 2437 imperatoribus
534 2411 566 2428 ac
579 2403 701 2436 regibus,
713 2411 763 2429 seu
777 2403 992 2436 quibuscunque
1005 2403 1066 2429 aliis

130 2440 181 2466 sub
200 2439 414 2473 quibuscunque
432 2437 533 2470 modis,
547 2437 691 2464 tenoribus
709 2442 737 2463 et
754 2437 877 2470 formis&
895 2446 911 2463 a
924 2437 992 2463 sede
1006 2437 1067 2471 ipsa

129 2473 280 2506 concessis,
293 2481 364 2507 quae
379 2477 475 2498 contra
487 2472 644 2506 praemissa
656 2472 723 2497 nulli
736 2472 863 2497 volumus
878 2471 1032 2505 suffragari.

455 2560 679 2591 TITULUS
707 2561 742 2588 II.

205 2621 261 2647 DE
291 2619 624 2646 POSTULATIONE
655 2618 989 2644 PRAELATORUM.

525 2689 541 2708 C
548 2689 567 2708 A
573 2689 598 2708 P.
615 2689 633 2708 U
641 2689 667 2708 N.

127 2727 225 2746 Minores
233 2726 322 2745 xxvn.
329 2725 394 2744 :inuis
404 2724 536 2746 saeculares,
545 2725 566 2742 et
576 2723 731 2742 mendicantes
742 2722 840 2745 religiosi
850 2722 877 2741 ad
885 2723 956 2741 certas
962 2721 1069 2741 ecelesias

180 2753 327 2777 prohibentur
336 2751 450 2775 postulari,
462 2753 483 2769 et
493 2750 616 2774 puniuntur
626 2751 670 2768 tani
681 2749 818 2772 postulantes
828 2754 893 2772 quain
903 2748 1016 2772 postulati.

467 2793 611 2818 Ioannes
630 2791 734 2817 XXII.1

182 2837 346 2872 Dispendiis
364 2841 392 2863 et
409 2835 539 2869 periculis
552 2834 645 2866 variis,
659 2842 731 2868 quae
744 2841 778 2859 ex
791 2833 956 2867 subscriptis
973 2837 1067 2866 postu-

130 2873 280 2900 lationibus
299 2875 415 2906 possent
429 2869 554 2896 ecclesiis
569 2868 690 2901 evenire,
703 2873 731 2894 et
744 2868 920 2894 vacationum
934 2867 1069 2893 diuturni-

131 2908 244 2941 tatibus,
258 2915 331 2941 quae
345 2908 551 2932 consueverunt
563 2911 764 2937 nonnunquam
781 2910 816 2929 ex
832 2901 1068 2936 postulationibus

181 3004 240 3023 Lib.
254 3003 272 3022 1.
303 3002 357 3021 Tit.
372 3002 388 3020 Ι.
417 3001 478 3024 Cap.
493 3006 530 3019 uu.
567 2998 587 3022 1)
598 2997 620 3017 M
674 2998 694 3019 2)
705 2998 796 3022 quaevis
807 3003 862 3018 eri-‚2
876 2999 898 3017 M

129 3031 192 3056 quia:
207 3029 233 3048 ι’ὺ.
287 3029 308 3051 4)
318 3028 354 3047 vel
364 3033 430 3051 quos:
445 3027 470 3045 u'b.
525 3025 545 3050 5)
555 3025 628 3044 modis
638 3024 674 3054 xjol
685 3025 761 3054 forma
776 3023 802 3043 rb.

180 3056 233 3075 Tit.
247 3056 276 3075 II.
305 3054 366 3078 Cap.
377 3059 414 3073 un.
444 3052 462 3077 1)
472 3052 496 3072 Μ
546 3051 566 3076 2)
576 3051 670 3070 valoris:
684 3050 712 3069 ab.

959 2997 980 3022 3)
989 3003 1066 3017 verum

1087 785 1201 814 ΕΜΑΝ
1204 786 1284 814 AVE
1287 786 1407 815 RUNT.

1068 920 1101 965 P
1131 917 1453 966 R.1h11]§3

1098 1041 1333 1067 irrationabilibus
1363 1039 1520 1075 provenire,
1545 1047 1577 1065 ac
1603 1039 1768 1073 dispendiis,
1793 1047 1865 1072 quae
1890 1039 1955 1065 inde
1981 1039 2034 1065 fre-

1100 1081 1217 1110 quenter
1234 1076 1369 1102 ecclesiae
1387 1075 1537 1105 incurrunt,
1555 1073 1591 1099 ad
1609 1074 1730 1099 suturam
1748 1073 1787 1099 rei
1804 1073 1968 1099 memoriam
1986 1074 2034 1099 ob-

1099 1111 1198 1136 sistere
1216 1111 1371 1144 cupientes,
1389 1109 1476 1140 illum,
1495 1108 1541 1142 qui
1559 1108 1728 1141 vigesimum
1750 1108 1901 1141 septimum
1922 1116 1977 1133 non
1995 1112 2035 1133 at-

1099 1145 1193 1179 tigerit
1203 1153 1315 1177 annum,
1327 1145 1362 1170 ad
1373 1143 1572 1175 cathedralem,
1583 1151 1635 1168 nee
1645 1151 1700 1168 non
1714 1142 1904 1175 professorem
1915 1142 2035 1168 cuiusvis

1099 1179 1317 1205 mendicantium
1331 1178 1435 1204 ordinis
1451 1177 1487 1203 ad
1506 1177 1649 1203 inferiores
1668 1176 1876 1202 cathedralibus
1890 1177 2033 1208 ecclesias,

1099 1214 1135 1240 ad
1148 1214 1318 1239 monasteria
1331 1218 1409 1239 extra
1423 1220 1489 1238 suos
1507 1212 1620 1237 ordines
1639 1211 1772 1245 postulari
1791 1211 1883 1236 edicto
1898 1216 2034 1245 perpetuo

1100 1249 1291 1282 prohibemus.
1317 1247 1424 1281 Quodsi
1438 1255 1518 1272 secus
1532 1246 1704 1292 postulatura
1718 1245 1800 1271 fuerit
1814 1250 1841 1271 et
1854 1250 2035 1271 attentatum:

1100 1283 1206 1308 irritum
1217 1291 1249 1308 ac
1262 1283 1362 1308 nullius
1377 1281 1487 1316 penitus
1501 1281 1537 1306 sit
1549 1280 1710 1306 momenti2.
1736 1280 1771 1305 Et
1783 1280 1829 1314 qui
1840 1280 1960 1305 scienter
1973 1288 2036 1313 pro—

1100 1317 1235 1343 cesserint
1245 1317 1281 1343 ad
1292 1317 1420 1348 eandem,
1431 1324 1464 1341 ea
1474 1315 1534 1341 vice
1545 1314 1706 1349 postulandi
1717 1323 1749 1340 ac
1759 1314 1880 1348 eligendi
1894 1319 2037 1348 potestate

1100 1352 1233 1386 privatos,
1247 1360 1279 1377 ac
1296 1351 1449 1381 beneficiis,
1464 1358 1536 1384 quae
1555 1350 1581 1375 in
1599 1350 1660 1383 ipsa
1674 1349 1840 1374 obtinebunt
1858 1349 1986 1381 ecclesia,
1999 1348 2036 1374 ad

1101 1395 1186 1420 quam
1204 1386 1421 1420 postulationem
1439 1384 1597 1410 huiusmodi
1616 1383 1741 1415 fecerint,
1759 1392 1810 1417 per
1827 1383 1975 1409 triennium
1988 1391 2036 1408 no-

1101 1421 1190 1447 verint
1208 1429 1238 1447 se
1258 1428 1421 1454 suspensos.
1458 1419 1615 1444 Postulatos
1632 1426 1708 1449 vero,
1724 1418 1771 1451 qui
1789 1418 1983 1451 postulationis
2001 1417 2037 1443 de

1101 1464 1131 1482 se
1144 1456 1235 1481 factae
1252 1455 1398 1489 negotium
1415 1453 1518 1479 fuerint
1537 1461 1586 1487 per
1600 1461 1630 1478 se
1643 1452 1687 1478 vel
1706 1461 1756 1485 per
1773 1452 1857 1477 alium
1870 1452 1897 1477 in
1910 1452 2038 1478 Romana

1101 1491 1176 1516 curia
1189 1490 1339 1523 prosecuti,
1354 1488 1421 1514 illud
1434 1488 1471 1513 ibi
1490 1487 1609 1521 proponi
1623 1487 1650 1512 in
1663 1487 1775 1520 publico
1788 1486 1833 1512 vel
1851 1487 1959 1520 privato
1973 1495 2037 1512 con-

1101 1525 1212 1550 sistorio
1231 1524 1375 1555 facientes,
1388 1523 1471 1548 etiam
1489 1531 1519 1548 se
1534 1522 1668 1547 duntaxat
1686 1521 1863 1554 dispositioni
1882 1521 1957 1547 sedis
1971 1529 2038 1554 apo-

1101 1559 1216 1585 stolicae
1230 1557 1442 1589 committendo,
1453 1557 1476 1582 si
1489 1565 1520 1582 se
1533 1564 1635 1582 annum
1649 1556 1762 1581 XXVII.
1775 1564 1831 1580 non
1844 1555 1972 1589 attigisse
1986 1555 2037 1580 sci-

1101 1594 1200 1625 verint,
1213 1598 1243 1618 ut
1256 1593 1421 1627 praefertur,
1435 1599 1525 1624 usque
1538 1591 1574 1616 ad
1591 1590 1707 1616 XXXV.
1721 1598 1833 1621 annum,
1847 1595 1956 1615 ceteros
1970 1598 2036 1615 vero

1101 1628 1259 1654 saeculares
1273 1632 1301 1653 et
1314 1627 1461 1660 religiosos
1476 1630 1553 1651 extra
1567 1633 1681 1650 suorum
1694 1624 1951 1650 administrationes
1965 1624 2038 1650 ordi-

1100 1671 1166 1688 num
1177 1667 1315 1696 perpetuo
1326 1661 1493 1694 ineligibiles
1504 1668 1535 1685 ac
1546 1659 1767 1693 impostulabiles
1779 1667 1843 1685 esse
1853 1658 2037 1690 decernimus,

1101 1705 1133 1723 ac
1147 1705 1262 1731 prorsus
1276 1695 1412 1722 inhabiles
1423 1695 1460 1720 ad
1474 1702 1656 1728 quascunque
1671 1693 1821 1727 dignitates
1834 1693 2038 1722 ecclesiasticas

1101 1736 1129 1758 et
1142 1731 1280 1758 beneficia
1294 1730 1437 1764 quaelibet
1451 1728 1616 1755 obtinenda.

1414 1817 1639 1846 TITULUS
1670 1817 1721 1846 HI.

1375 1881 1436 1906 DE
1472 1879 1758 1906 ELECTIONE.

1517 1958 1590 1978 OAP.
1605 1958 1623 1977 Ι.

1099 1994 1176 2014 Multis
1191 1994 1270 2018 probat
1284 1993 1428 2017 argumentis,
1444 1994 1558 2016 promotus
1570 1993 1593 2011 in
1604 1992 1666 2011 curia
1676 1997 1721 2011 non
1732 1991 1814 2011 debere
1824 1992 1852 2011 ad
1867 1992 1957 2016 propria
1966 1992 2041 2011 redii-o

1100 2021 1147 2039 sine
1158 2020 1230 2038 literis
1240 2025 1293 2038 suae
1303 2018 1458 2043 promotionis.
1488 2019 1538 2042 Qui,
1553 2018 1570 2037 si
1582 2024 1645 2037 seeus
1656 2018 1757 2041 fecerint,
1768 2023 1808 2041 pro
1819 2018 1924 2041 praelatis
1934 2023 1979 2037 non
1990 2020 2042 2037 sunt.

1100 2046 1204 2070 habendi,
1215 2051 1342 2069 poenasque
1356 2045 1474 2063 incurrunt
1489 2045 1525 2063 hie
1540 2050 1662 2068 expressos.
1690 2044 1719 2062 Et
1728 2044 1755 2063 de
1766 2044 1809 2062 ista
1819 2044 1972 2067 extravaganti
1988 2044 2041 2062 facit

1100 2072 1237 2090 mentionem
1252 2072 1357 2090 Panorux.
1373 2071 1395 2089 iu
1411 2076 1458 2093 cap.
1474 2070 1575 2092 Qualiter
1590 2070 1617 2088 de
1628 2070 1700 2092 eluet..
1717 2069 1801 2092 diceus.
1816 2069 1876 2093 quod
1887 2069 1968 2092 nullus,
1979 2071 2041 2088 ante-

1100 2103 1165 2122 quam
1177 2097 1257 2116 habeat
1272 2097 1349 2115 literas
1360 2096 1494 2120 apostolicas
1509 2101 1575 2119 super
1585 2101 1625 2114 sua
1635 2096 1783 2119 promotione,
1799 2095 1865 2113 debet
1876 2095 2040 2119 administrare,

1099 2130 1141 2142 uec
1153 2124 1219 2143 debet
1229 2122 1298 2146 recipi
1309 2123 1335 2141 ab
1343 2122 1438 2142 eeclesia
1447 2124 1553 2145 tanquam
1564 2121 1687 2145 praelatus:
1698 2122 1753 2140 alias
1764 2121 1897 2146 recipientes
1908 2123 1930 2140 et
1940 2123 2041 2145 receptus

1382 2149 1499 2167 incurrunt
1509 2152 1612 2172 poenam,
1624 2147 1651 2166 (le
1661 2153 1705 2171 qua
1713 2147 1757 2166 hie.

1419 2197 1618 2224 Bonifacius
1637 2198 1724 2224 V111.1

1152 2246 1293 2273 lniunctae
1311 2246 1391 2272 nobis
1411 2245 1537 2272 debitum
1554 2245 1695 2271 servitutis
1717 2245 1853 2279 exposcit,
1875 2249 1913 2277 ut,
1933 2245 1979 2279 qui
2002 2245 2039 2272 ad

1101 2281 1296 2308 reformandos
1314 2281 1341 2306 in
1363 2281 1437 2306 clero
1459 2288 1552 2306 mores
1570 2284 1599 2306 et
1615 2284 1704 2312 actus,
1716 2283 1800 2313 prout
1817 2280 1915 2306 nobis2
1933 2289 1966 2306 ex
1983 2280 2039 2306 alto

1101 2316 1426 2350 permittitur,sollertius
1436 2314 1660 2347 intendimus,ibi
1671 2315 1823 2348 praecipue
1833 2314 2039 2340 reformationis

1102 2350 1318 2376 accommodae3
1329 2349 1484 2376 remedium
1495 2348 1732 2383 apponamus,ubi
1743 2348 1831 2374 maius
1842 2349 2042 2382 respicimus*

1102 2385 1256 2419 periculum
1267 2384 1422 2410 imminere.
1445 2384 1527 2416 Sane,
1539 2392 1623 2417 quam
1634 2383 1822 2417 periculosum
1832 2383 1956 2415 exsistat,
1964 2383 2041 2417 quod

1101 2419 1203 2453 aliquis
1217 2419 1245 2444 in
1259 2419 1361 2450 officio,
1375 2418 1512 2452 dignitate
1525 2418 1570 2443 vel
1589 2418 1677 2451 gradu
1695 2417 1755 2443 fore
1773 2426 1804 2444 se
1817 2422 1934 2449 asserat,
1948 2422 1976 2444 et
1989 2426 2040 2451 pro

1103 2454 1149 2480 tali
1172 2454 1257 2479 etiam
1279 2453 1426 2485 habeatur,
1443 2453 1496 2478 nisi
1519 2452 1595 2486 prius
1614 2453 1674 2486 ipse
1693 2451 1769 2485 quod
1786 2452 1886 2478 asserit
1907 2452 2040 2485 legitimis

1103 2488 1258 2514 ostenderit
1272 2487 1457 2519 documentis,
1471 2491 1529 2512 tarn
1543 2495 1576 2512 ex
1592 2486 1719 2512 civilibus
1734 2495 1817 2520 quam
1831 2486 1882 2512 ex5
1899 2486 2040 2514 canonicis

1103 2522 1235 2548 institutis
1250 2522 1390 2555 colligitur
1403 2521 1558 2548 evidenter.
1591 2520 1738 2546 Asserenti
1752 2529 1874 2554 namque
1888 2529 1951 2546 cum
1963 2529 2040 2546 man-

1103 2557 1175 2582 datis
1200 2556 1333 2590 principis
1359 2565 1390 2583 se
1411 2556 1532 2588 venisse,
1555 2555 1727 2581 credendum
1751 2563 1808 2580 non
1832 2559 1884 2587 est,
1910 2555 1962 2581 nisi
1986 2555 2040 2581 hoc

1103 2592 1214 2626 scriptis
1227 2591 1397 2625 probaverit.
1422 2591 1481 2617 Nec
1495 2590 1622 2616 similiter
1635 2589 1757 2615 creditur
1770 2597 1800 2615 se
1813 2590 1950 2615 asserenti
1964 2589 2040 2623 lega-

1103 2631 1170 2652 tum.
1206 2626 1356 2664 Nunquam
1377 2625 1452 2652 enim
1473 2624 1646 2659 apostolicae
1666 2623 1742 2649 sedis
1759 2623 1844 2649 moris
1863 2623 1914 2649 suit
1931 2624 2040 2658 absque

1104 2660 1219 2694 signatis
1243 2660 1368 2699 apicibus
1391 2659 1577 2693 undecunque
1599 2658 1769 2691 legationem
1794 2658 1946 2692 suscipere.
1983 2658 2041 2684 Sed

1103 2704 1154 2721 nec
1167 2694 1271 2721 dicenti
1290 2703 1320 2721 se
1339 2694 1500 2727 delegatum
1518 2693 1593 2719 sedis
1611 2692 1738 2718 eiusdem
1756 2692 1877 2718 creditur
1889 2693 1934 2718 vcl
1951 2692 2040 2719 inten-

1104 2729 1186 2762 ditur,
1201 2729 1253 2755 nisi
1267 2729 1302 2755 de
1315 2729 1448 2755 mandato
1462 2727 1618 2762 apostolico
1633 2726 1687 2753 fide
1701 2726 1801 2753 doceat
1815 2727 1934 2753 oculata.
1960 2727 2039 2753 Simi-

1103 2764 1166 2790 liter
1179 2763 1280 2796 clerici,
1293 2763 1329 2789 ad
1344 2763 1464 2789 alienam
1478 2762 1621 2788 dioecesin
1635 2761 1694 2787 sine
1708 2769 1822 2787 suorum
1836 2761 2040 2788 ordinariorum

1104 2798 1190 2824 literis
1208 2799 1362 2829 venientes,
1376 2806 1427 2823 nec
1445 2797 1472 2822 in
1490 2797 1547 2822 suis
1565 2795 1750 2829 recipiantur⁶
1768 2795 1921 2827 ordinibus,
1938 2804 1990 2822 nec
2003 2796 2041 2822 ad

1104 2832 1263 2866 superiores
1276 2832 1451 2858 adscendant
1457 2831 1476 2856 ⁷.
1502 2829 1600 2856 Clerici
1612 2838 1726 2864 quoque
1736 2829 1782 2856 et⁸
1793 2830 1932 2862 monachi,
1943 2830 1991 2864 qui
2004 2831 2042 2857 de

1104 2867 1161 2893 suis
1175 2867 1333 2893 civitatibus
1344 2866 1379 2892 ad
1393 2866 1514 2891 alienam
1525 2865 1623 2890 urbem
1636 2864 1858 2898 proficiscuntur,
1869 2865 1931 2899 (nisi
1941 2865 2040 2891 muniti

1103 2901 1217 2929 veniant
1242 2909 1357 2928 suorum
1380 2899 1467 2927 literis
1489 2899 1696 2934 praelatorum,)
1718 2906 1775 2925 non
1796 2903 1860 2926 sunt
1882 2899 1973 2926 clerici
1995 2899 2041 2926 vel

1155 2997 1207 3016 Tit.
1222 2996 1262 3016 m.
1290 2996 1351 3020 Cap.
1366 2996 1383 3014 Ι.
1412 2994 1431 3019 1)
1442 2994 1562 3014 ACGIJINI’
1602 2993 1622 3017 2)
1632 2994 1708 3014 vobis:
1723 2995 1748 3017 C,-
1762 2994 1831 3014 deest.-
1845 2993 1861 3014 A
1904 2994 1925 3017 3)
1935 2995 2041 3015 reforma-

1103 3023 1189 3042 tiouuin
1199 3022 1355 3042 accommodo:
1366 3022 1381 3040 G
1408 3022 1430 3045 4)
1440 3021 1581 3045 inspicimus:
1592 3020 1754 3042 ffldd.c01l.,·—
1764 3026 1821 3045 pera:
1831 3019 1900 3040 deest.-
1909 3020 1943 3040 Ao
1969 3020 1990 3044 5)
2001 3027 2040 3041 ex:

1103 3048 1170 3068 deest:
1181 3047 1252 3068 GIIIM
1277 3049 1297 3073 u>
1304 3048 1452 3072 recipiuntur:
1463 3046 1550 3067 GHINP
1573 3046 1594 3071 7)
1603 3047 1738 3066 ascendunt:
1748 3045 1851 3067 AGHINP
1873 3046 1896 3072 8)
1905 3052 1943 3067 ac:
1951 3046 2043 3067 Acozm

1702 3079 1759 3107 78*
