2243 3288
126 213 194 242 1285

127 292 254 324 admitte,
268 295 306 326 ut,
320 292 468 319 destructis
487 294 703 322 adversitatibus
717 300 746 322 et
763 297 903 323 erroribus
917 296 1062 330 universis,

130 334 229 353 secura
242 327 291 353 tibi
304 327 406 353 serviat
420 328 556 355 libertate.
593 330 645 356 Per
658 331 809 356 Dominum
821 332 976 357 nostrum.“

195 361 350 394 „Hostium
366 366 525 389 nostrorum
543 372 722 398 quaesumus,
736 365 865 397 Domine,
879 365 952 391 elide
966 374 1061 399 super-

129 395 216 426 biam;
239 404 337 421 eorum
354 398 555 423 contumaciam
570 398 702 426 dexterae
715 404 779 425 tuae
792 399 892 425 virtute
906 404 1061 434 prosterne.

127 430 180 455 Per
193 430 333 456 Christum
346 431 498 457 Dominum
510 437 647 459 nostrum.
682 434 803 459 Amen.“

324 465 478 491 Benedicat
491 467 636 493 celebrans
650 471 864 502 consequenter.

197 498 256 524 Nos
269 503 373 531 autem,
387 499 589 527 Christifideles
607 502 643 527 ad
662 502 874 536 exsequendum
892 509 977 536 supra
990 503 1063 529 dicta

127 533 283 566 promptius
309 533 389 559 donis
411 535 537 561 volentes
562 536 752 570 spiritualibus
777 536 909 568 animare,
934 538 1062 564 omnibus

127 575 193 592 vere
206 567 415 601 poenitentibus
429 574 457 595 et
470 569 616 602 confessis,
627 575 684 596 tam
697 570 740 596 his
752 570 967 603 celebrantibus,
979 580 1062 606 quam

128 601 195 635 ipsis
217 602 415 629 assistentibus
440 603 654 630 observantibus
677 613 762 638 supra
786 604 869 637 dicta,
895 614 977 639 quam
1002 607 1062 632 aliis

128 643 226 669 preces
241 640 306 662 tunc
320 636 436 663 devotas
448 638 510 664 Deo
524 638 715 670 fundentibus,
726 647 777 672 pro
791 639 952 672 praemissis
964 641 1062 667 diebus

126 674 155 695 et
167 670 261 696 missis
281 670 405 704 singulis,
420 672 521 705 quibus
539 673 610 698 haec
627 672 754 705 fecerint,
766 674 829 699 XX.
843 673 914 705 dies,
928 674 963 700 de
977 676 1062 701 omni-

125 704 248 737 potentis
261 705 315 731 Dei
328 705 521 732 misericordia
534 711 562 732 et
575 707 722 732 beatorum
732 708 806 733 Petri
817 712 844 734 et
855 709 930 734 Pauli
940 709 1062 743 Aposto-

125 739 215 764 lorum
233 739 292 765 eius
310 740 476 766 auctoritate
493 741 599 774 confisi,
613 741 650 767 de
664 741 793 768 iniunctis
812 742 864 768 sibi
883 744 1062 777 poenitentiis

125 772 292 799 relaxamus.
327 775 401 800 Nulli
423 783 492 808 ergo
514 779 567 801 etc.
602 776 708 802 Datum
729 777 788 802 XII.
811 777 872 803 Kal.
894 778 962 810 Iulii,
984 779 1061 805 Pont.

122 807 210 833 nostri
223 808 275 834 Ao.
289 809 347 834 XII.
362 808 462 844 [1328.]

435 880 659 910 TITULUS
687 882 750 910 XII.

230 937 287 963 DE
315 937 531 971 RELIQUIIS
561 939 615 964 ET
645 939 953 967 VENERATIONE

456 981 729 1009 SANCTORUM.

541 1043 613 1063 CAP.
628 1044 646 1062 1.

125 1075 168 1098 Qui
178 1076 349 1100 conceptionem
359 1076 516 1096 immaculatae
524 1078 618 1102 virginis
629 1078 709 1097 devote
720 1078 872 1102 celebrabunt,
883 1079 907 1097 in
917 1079 995 1098 eodem
1006 1079 1061 1098 festo

126 1103 148 1120 et
166 1101 213 1121 eius
233 1102 317 1121 octavis
337 1102 411 1121 officio
430 1103 563 1126 intererunt,
583 1104 638 1123 tales
657 1104 786 1123 tribuuntur
804 1105 964 1129 indulgentiae,
984 1105 1061 1129 quales

225 1129 393 1152 consequuntur
403 1128 486 1148 Christi
496 1129 572 1148 fideles
583 1130 606 1148 in
617 1131 716 1154 corporis
727 1130 810 1150 Christi
819 1131 962 1150 solennitate.

501 1172 614 1198 Sixtus
634 1172 680 1198 IV.

174 1212 266 1246 Quum
290 1214 470 1247 praeexcelsa
494 1215 657 1241 meritorum
681 1215 814 1248 insignia,
837 1215 938 1249 quibus
964 1216 1060 1249 regina

124 1247 275 1279 coelorum,
300 1248 378 1281 virgo
403 1249 456 1274 Dei
486 1249 605 1282 genitrix
634 1249 766 1283 gloriosa,
791 1249 906 1276 sedibus
935 1251 1060 1284 praelata

123 1281 272 1313 aethereis,
291 1282 429 1308 sideribus
447 1283 526 1317 quasi
548 1284 630 1309 stella
648 1284 784 1309 matutina
806 1284 994 1318 praerutilat1,
1012 1285 1060 1311 de-

123 1320 207 1341 votae
220 1316 452 1342 considerationis
467 1317 599 1351 indagine
611 1323 828 1352 perscrutamur,
839 1323 867 1344 ct
881 1319 952 1344 intra
965 1324 1059 1353 pecto-

122 1350 159 1375 ris
177 1358 278 1376 arcana
295 1351 474 1384 revolvimus,
488 1352 565 1386 quod
582 1352 653 1386 ipsa,
667 1356 764 1386 utpote
779 1352 823 1378 via
841 1353 1058 1386 misericordiae,

122 1389 213 1410 mater
226 1385 333 1417 gratiae
346 1390 375 1411 et
387 1385 509 1419 pietatis,
523 1386 613 1412 amica
624 1387 738 1412 humani
757 1387 867 1420 generis
881 1388 1059 1420 consolatrix,

122 1427 173 1452 pro
188 1419 278 1445 salute
292 1419 425 1451 fidelium,
441 1421 487 1454 qui
506 1420 673 1447 delictorum
691 1429 776 1447 onere
789 1426 947 1455 gravantur,
961 1422 1060 1448 sedula

122 1453 233 1485 oratrix,
258 1458 286 1479 et
315 1454 434 1487 pervigil
462 1455 499 1480 ad
523 1463 628 1488 regem,
653 1464 737 1489 quem
766 1455 873 1488 genuit,
899 1456 1058 1482 intercedit:

122 1487 247 1520 dignum,
266 1488 333 1521 quin
350 1489 442 1522 potius
461 1489 585 1515 debitum
603 1494 775 1523 reputamus,
794 1490 939 1516 universos
957 1490 1059 1516 Christi

122 1521 230 1553 fideles,
254 1527 285 1548 ut
309 1523 494 1557 omnipotenti
519 1524 591 1556 Deo,
617 1524 705 1557 (cuius
730 1524 907 1558 providentia
931 1525 1059 1551 eiusdem

121 1555 234 1589 virginis
247 1556 433 1583 humilitatem
443 1558 478 1584 ab
489 1563 605 1584 aeterno
615 1558 778 1592 respiciens,
789 1566 839 1592 pro
853 1559 1059 1585 reconcilianda

121 1599 172 1616 suo
193 1591 299 1616 auctori
321 1591 444 1617 humana
464 1597 563 1618 natura
584 1593 664 1626 lapsu
686 1593 767 1626 primi
784 1593 905 1618 hominis
926 1598 1059 1620 aeternae

122 1625 204 1650 morti
218 1625 348 1658 obnoxia,
359 1634 422 1651 eam
435 1627 477 1652 sui
490 1627 625 1660 unigeniti
639 1627 828 1653 habitaculum
841 1628 929 1653 sancti
940 1628 1058 1661 Spiritus

120 1660 337 1693 praeparatione
350 1661 501 1693 constituit,
515 1670 549 1687 ex
563 1669 618 1695 qua
631 1669 742 1687 carnem
756 1666 869 1687 nostrae
882 1662 1057 1688 mortalitatis

121 1702 170 1728 pro
184 1694 379 1728 redemptione
396 1695 492 1729 populi
510 1696 552 1721 sui
565 1700 730 1727 assumeret,
744 1700 771 1721 et
789 1696 967 1722 immaculata
979 1697 1057 1730 virgo

120 1728 300 1754 nihilominus
314 1733 379 1763 post
391 1734 502 1763 partum
519 1731 697 1763 remaneret,)
711 1730 746 1756 de
762 1730 849 1764 ipsius
862 1730 1058 1757 immaculatae

120 1763 234 1796 virginis
252 1763 321 1789 mira
338 1764 524 1797 conceptione
541 1765 646 1797 gratias
665 1769 692 1790 et
709 1764 806 1790 laudes
824 1765 956 1797 referant,
974 1770 1001 1791 et
1018 1766 1057 1791 in-

122 1797 218 1822 stituta
230 1802 382 1831 propterea
394 1798 421 1823 in
434 1799 488 1824 Dei
502 1799 620 1825 ecclesia
638 1799 738 1825 missas
751 1804 780 1825 et
792 1799 846 1825 alia
860 1799 953 1825 divina
967 1799 1058 1825 officia

121 1832 222 1864 dicant,
236 1836 263 1858 et
276 1832 330 1857 illis
343 1832 480 1865 intersint,
491 1832 670 1867 indulgentiis
683 1838 711 1859 et
725 1838 904 1867 peccatorum
917 1834 1057 1860 remissio-

119 1866 202 1891 nibus
225 1866 351 1898 invitare,
369 1871 400 1892 ut
421 1867 521 1893 exinde
539 1867 605 1893 fiant
622 1868 751 1894 eiusdem
769 1868 883 1901 virginis
900 1868 1006 1894 meritis
1029 1873 1057 1894 et

120 1900 321 1926 intercessione
334 1901 445 1927 divinae
458 1902 566 1935 gratiae
576 1902 708 1936 aptiores.
734 1903 793 1928 Hac
804 1903 887 1935 igitur
898 1902 1056 1928 considera-

120 1935 196 1960 tione
214 1935 329 1967 inducti,
347 1935 475 1961 eiusdem
493 1936 693 1970 omnipotentis
706 1937 760 1962 Dei
773 1945 806 1962 ac
823 1937 971 1962 beatorum
983 1937 1056 1962 Petri

120 1974 148 1995 et
170 1969 245 1994 Pauli
266 1970 469 2003 Apostolorum
491 1970 550 1996 eius
575 1971 742 1996 auctoritate
764 1971 870 2003 confisi,
891 1972 1056 1997 auctoritate

120 2003 275 2037 apostolica
288 2004 340 2029 hac
352 2003 382 2029 in
394 2009 562 2038 perpetuum
572 2005 689 2030 valitura
699 2005 897 2031 constitutione
909 2006 1056 2031 statuimus

120 2043 147 2064 et
161 2037 331 2070 ordinamus,
343 2038 420 2072 quod
431 2047 529 2064 omnes
542 2043 571 2064 et
584 2039 685 2072 singuli
697 2039 901 2065 Christifideles
912 2039 1057 2073 utriusque

120 2081 212 2104 sexus,
226 2072 273 2106 qui
286 2073 401 2098 missam
415 2078 442 2098 et
456 2073 579 2098 officium
591 2073 782 2107 conceptionis
796 2073 924 2100 eiusdem
935 2074 1056 2107 Virginis

120 2107 261 2140 gloriosae
278 2106 354 2132 iuxta
370 2107 455 2140 piam,
474 2107 606 2133 devotam
624 2112 651 2133 et
669 2108 839 2133 laudabilem
852 2108 1057 2134 ordinationem

119 2141 212 2167 dilecti
224 2141 270 2166 filii
280 2141 406 2174 magistri
417 2141 556 2167 Leonardi
567 2142 602 2168 de
612 2142 760 2175 Nogarolis
772 2142 864 2168 clerici
874 2143 1056 2173 Veronensis,

119 2175 218 2201 notarii
231 2176 328 2208 nostri,
341 2180 378 2205 et,
392 2184 465 2209 quae
483 2176 606 2210 desuper
618 2185 634 2202 a
647 2176 728 2202 nobis
747 2176 894 2209 emanavit,
908 2177 1012 2203 missae
1029 2182 1057 2202 et

119 2210 202 2235 officii
215 2210 375 2235 huiusmodi
388 2210 592 2236 institutionem
603 2211 630 2236 in
641 2210 686 2236 die
697 2210 855 2236 festivitatis
866 2211 1056 2245 conceptionis

119 2244 246 2270 eiusdem
256 2244 378 2277 Virginis
392 2245 497 2270 Mariae
511 2250 539 2270 et
552 2253 602 2278 per
615 2249 728 2271 octavas
743 2245 802 2271 eius
817 2245 919 2271 devote
933 2245 1056 2271 celebra-

118 2279 207 2305 verint
217 2283 245 2304 et
256 2278 383 2310 dixerint,
394 2283 442 2304 aut
453 2279 504 2304 illis
516 2279 592 2304 horis
603 2279 742 2305 canonicis
753 2279 937 2311 interfuerint,
946 2280 1056 2313 quoties

120 2313 146 2338 id
160 2313 286 2345 fecerint,
299 2313 420 2339 eandem
433 2321 547 2347 prorsus
561 2313 764 2347 indulgentiam
777 2319 805 2339 et
822 2319 1001 2347 peccatorum
1015 2322 1056 2340 re-

118 2348 281 2373 missionem
303 2352 519 2381 consequantur,
542 2356 626 2381 quam
648 2349 723 2374 iuxta
745 2347 833 2374 felicis
855 2348 1056 2374 recordationis

119 2382 224 2408 Urbani
239 2382 285 2407 IV.
299 2382 326 2407 in
340 2382 458 2407 concilio
472 2382 623 2408 Viennensi
637 2382 837 2416 approbatae2‚
851 2391 884 2408 ac
897 2383 1008 2408 Martini
1022 2383 1055 2408 V.

119 2422 146 2442 et
163 2417 281 2442 aliorum
294 2416 485 2442 Romanorum
498 2416 663 2442 Pontificum
681 2417 932 2450 praedecessorum
948 2422 1056 2442 nostro-

118 2459 178 2476 rum
201 2450 414 2477 constitutiones
436 2455 646 2484 consequuntur
667 2451 713 2483 illi,
732 2451 778 2485 qui
796 2451 910 2477 missam
927 2456 955 2477 et
974 2452 1056 2477 horas

119 2485 266 2511 canonicas
280 2485 307 2510 in
321 2484 394 2510 festo
412 2485 537 2519 corporis
556 2489 584 2511 et
606 2485 747 2519 sanguinis
766 2485 879 2511 Domini
894 2486 980 2511 nostri
996 2487 1055 2512 Iesu

120 2519 220 2546 Christi
234 2528 251 2544 a
262 2519 357 2553 primis
371 2520 496 2553 vesperis
510 2524 538 2545 et
551 2528 601 2553 per
614 2520 686 2545 illius
700 2524 812 2545 octavas
827 2520 902 2545 iuxta
912 2520 1055 2546 Romanae

119 2554 255 2581 ecclesiae
266 2554 496 2580 constitutionem
508 2554 659 2586 celebrant,
670 2554 776 2586 dicunt,
786 2559 834 2580 aut
847 2554 948 2580 missae
962 2554 1055 2580 officio

118 2594 146 2615 et
159 2589 235 2614 horis
248 2588 409 2614 huiusmodi
424 2588 570 2621 intersunt,
580 2589 775 2622 praesentibus
789 2589 932 2622 perpetuis
947 2593 1054 2623 tempo-

118 2623 192 2649 ribus
206 2622 339 2648 valituris.
375 2623 481 2648 Datum
494 2623 601 2649 Romae
615 2623 690 2657 apud
708 2628 834 2648 sanctum
848 2623 968 2655 Petrum,
982 2632 1054 2649 anno

118 2659 250 2683 incarnat.
261 2656 367 2683 domin.
378 2657 630 2684 MCCCCLXXVI.
641 2658 684 2683 III.
695 2657 756 2683 Kal.
767 2657 868 2690 Martii,
878 2657 957 2683 Pont.
968 2659 1054 2684 nostri

117 2693 170 2718 Ao.
184 2692 229 2718 VI.

525 2744 542 2764 C
548 2744 566 2763 A
573 2744 597 2763 P.
613 2744 641 2763 11.

116 2779 379 2798 Excommnnicationom
390 2778 438 2803 ipso
453 2779 511 2797 sacto
522 2779 640 2798 incurrunt
650 2777 823 2802 praedicatores,
833 2779 965 2801 asserentes,
980 2778 1055 2798 divam

115 2806 232 2829 Virginem
251 2806 274 2824 in
293 2807 384 2828 peccato
404 2804 493 2823 mortali
513 2805 581 2823 fuisso
600 2806 738 2828 conceptam.
759 2805 796 2828 qui
811 2805 878 2823 etiam
893 2805 977 2828 dieunt,
995 2805 1054 2828 quod

117 2832 197 2851 festum
208 2831 362 2855 conceptionis
373 2831 420 2849 eius
431 2830 571 2849 celebrantes
581 2831 679 2854 graviter
688 2832 790 2853 peccaut.
813 2831 841 2849 Et
850 2831 904 2854 vult,
915 2833 1054 2854 praesentem

321 2856 505 2875 constitutionem
515 2856 538 2875 In
548 2856 604 2875 Iocis
614 2856 727 2880 populosis
737 2856 854 2880 publicari.

359 2898 451 2925 Idem
469 2898 500 2923 in
520 2897 638 2924 eadem
656 2897 809 2924 materia.

187 2942 279 2969 Grave
297 2941 378 2967 nimis
395 2941 518 2974 gerimus
531 2945 559 2967 et
577 2941 735 2973 molestum,
750 2949 835 2975 quum
848 2941 960 2967 sinistra
973 2941 1054 2967 nobis

117 2976 154 3003 de
167 2976 336 3011 quibusdam
349 2975 547 3002 ecclesiasticis
566 2975 693 3009 personis
711 2975 880 3006 reseruntur;
904 2975 955 3002 sed
968 2976 995 3001 in
1008 2983 1055 3002 eo-

168 3054 219 3073 Tit.
234 3054 283 3074 xn.
311 3054 373 3079 Cap.
388 3054 405 3074 1.
442 3053 462 3078 1)
471 3053 633 3079 praerutilans:
648 3053 686 3073 Ed.
696 3052 757 3073 Rom.
769 3058 824 3079 opcr.
835 3053 903 3074 mmd-

344 215 561 244 EXTRAVAG.
581 216 754 246 COMMUN.
772 218 838 245 LIB.
858 219 900 246 111.
920 218 989 246 T1T.
1008 218 1068 246 XII.
1086 219 1138 247 DE
1156 220 1338 256 RELIQUHS
1357 221 1405 249 ET
1424 220 1611 250 VENERAT.
1631 225 1684 249 etc.
1704 229 1727 248 c.
1750 229 1770 249 1.
1790 229 1814 249 2.

1965 220 2032 248 1286

1097 307 1166 331 rum,
1180 300 1226 333 qui
1244 300 1281 325 ad
1297 299 1545 333 evangelizandum
1562 300 1678 326 verbum
1691 300 1745 326 Dei
1758 304 1823 326 sunt
1836 299 1971 334 deputati,
1985 308 2030 326 ex-

1097 334 1223 359 cessibus
1246 334 1435 368 praedicando
1461 335 1618 360 commissis
1643 343 1676 361 eo
1701 335 1812 369 gravius
1837 343 2030 369 provocamur,

1099 376 1153 401 quo
1167 368 1204 393 illi
1218 369 1400 402 periculosius
1414 373 1558 395 remanent
1572 369 1726 402 incorrecti,
1741 378 1827 403 quum
1845 369 1925 395 facile
1943 369 2030 395 deleri

1098 410 1145 427 ne(
1156 407 1248 435 ueant,
1268 403 1314 436 qui
1337 404 1485 429 multorum
1507 404 1638 429 cordibus
1656 404 1695 429 sic
1713 404 1823 438 publice
1841 403 2030 438 praedicando

1098 436 1124 461 ‹Ii
1135 436 1223 462 ‘usius
1241 441 1269 463 et
1286 437 1471 463 damnabilius
1489 438 1683 472 imprimuntur
1699 447 1817 464 errores.
1853 438 1927 464 Sane
1945 446 2031 472 quum

1098 471 1125 495 S.
1147 471 1274 497 Romana
1299 472 1418 498 ecclesia
1443 472 1478 498 de
1507 472 1690 498 intemeratae
1719 480 1887 506 semperque
1916 472 2030 505 virginis

1098 505 1203 531 Mariae
1221 506 1404 540 conceptione
1426 506 1537 540 publice
1555 507 1657 532 festum
1675 507 1826 533 solenniter
1848 507 1980 539 celebret,
2003 511 2031 533 et

1100 539 1222 573 speciale
1240 548 1273 565 ac
1290 541 1434 574 proprium
1452 549 1536 574 super
1552 541 1605 566 hoc
1619 541 1741 567 officium
1759 541 1941 567 ordinaverit:
1964 549 2031 567 non-

1099 574 1174 605 nulli,
1191 578 1220 599 ut
1242 575 1410 608 accepimus,
1429 574 1602 601 diversorum
1621 576 1749 601 ordinum
1792 575 1979 601 raedicatores
2003 576 2030 601 in

1099 608 1155 633 suis
1173 608 1348 634 sermonibus
1365 609 1401 634 ad
1420 609 1553 643 populum
1567 610 1678 643 publice
1696 618 1745 643 per
1783 610 1887 636 iversas
1905 610 2032 636 civitates

1098 647 1126 668 et
1148 647 1234 668 terras
1256 642 1395 669 affirmare
1417 644 1552 669 hactenus
1576 652 1631 669 non
1653 644 1832 676 erubuerunt,
1854 649 1881 670 et
1907 644 2032 678 quotidie

1099 677 1260 710 praedicare
1274 685 1329 702 non
1343 682 1463 709 cessant,
1474 686 1571 703 omnes
1582 678 1652 710 illos,
1664 678 1710 712 qui
1725 683 1820 704 tenent
1833 683 1881 704 aut
1893 683 2032 711 asserunt,

1098 711 1218 736 eandem
1231 712 1383 744 gloriosam
1401 716 1429 737 et
1447 712 1651 738 immaculatam
1669 713 1723 738 Dei
1741 713 1905 745 genitricem
1922 713 2031 746 absque

1098 745 1240 778 originalis
1258 746 1366 779 peccati
1383 746 1492 772 macula
1509 746 1595 772 fuisse
1613 751 1787 780 conceptam,
1801 747 1955 773 mortaliter
1967 755 2032 781 pec-

1098 787 1170 811 care,
1181 780 1224 805 vel
1238 788 1302 805 esse
1315 780 1481 812 haereticoe,
1493 781 1620 806 eiusdem
1633 781 1827 807 immaculatae
1841 781 2030 815 conceptionis

1098 813 1219 839 officium
1242 814 1428 847 celebrantes,
1450 815 1653 849 audientesque
1675 824 1819 841 sermones
1844 816 1962 849 illorum,
1985 816 2032 849 qui

1098 856 1160 873 eam
1174 848 1233 874 sine
1246 848 1406 874 huiusmodi
1423 849 1533 874 macula
1551 854 1716 883 conceptam
1730 858 1793 876 esse
1806 849 1953 882 affirmant,
1968 859 2031 884 pec-

1097 890 1161 908 care
1179 883 1308 916 graviter.
1346 883 1403 909 Sed
1419 887 1447 909 et
1470 883 1603 917 praefatis
1621 884 1874 917 praedicationibus
1892 893 1948 910 non
1966 893 2030 910 con-

1097 916 1175 949 tenti,
1189 916 1332 942 confectos
1351 925 1436 951 super
1452 918 1494 943 his
1513 918 1570 943 suis
1587 918 1788 944 assertionibus
1803 918 1887 944 libros
1901 918 1928 944 in
1942 919 2030 952 publi-

1097 959 1160 976 cum
1173 950 1330 983 ediderunt,
1344 960 1377 978 ex
1390 960 1509 986 quorum
1521 952 1722 978 assertionibus
1735 957 1763 978 et
1776 953 2031 986 praedicationibus

1097 993 1153 1010 non
1177 985 1249 1011 levia
1272 986 1404 1011 scandala
1429 986 1455 1011 in
1479 987 1620 1012 mentibus
1643 986 1767 1012 fidelium
1790 992 1886 1012 exorta
1909 992 1981 1019 sunt,
2003 992 2032 1013 et

1096 1020 1203 1045 maiora
1215 1020 1315 1046 merito
1328 1021 1427 1046 exoriri
1440 1020 1624 1046 formidantur
1637 1021 1738 1046 indies.
1771 1021 1828 1046 Nos
1843 1021 1925 1054 igitur
1937 1022 2031 1047 huius-

1098 1054 1174 1079 modi
1189 1054 1343 1080 temerariis
1356 1054 1480 1086 ausibus,
1492 1063 1525 1080 ac
1539 1056 1677 1089 perversis
1692 1055 1894 1081 assertionibus
1907 1064 1939 1082 ac
1953 1064 2031 1082 scan-

1097 1088 1211 1120 dalosis,
1225 1097 1297 1122 quae
1310 1089 1410 1114 exinde
1428 1089 1455 1114 in
1468 1089 1521 1115 Dei
1540 1089 1659 1115 ecclesia
1675 1089 1774 1115 exoriri
1792 1094 1919 1124 possunt,
1933 1091 2031 1124 (quan-

1097 1128 1156 1148 tum
1180 1123 1260 1149 nobis
1290 1131 1323 1149 ex
1352 1123 1408 1148 alto
1438 1123 1619 1156 conceditur‚)
1649 1124 1762 1149 obviare
1791 1124 1928 1156 volentes,
1952 1129 2031 1150 motu

1096 1157 1219 1196 proprio,
1232 1165 1288 1183 non
1305 1157 1341 1183 ad
1359 1157 1474 1183 alicuius
1491 1158 1572 1183 nobis
1590 1166 1675 1191 super
1691 1158 1745 1183 hoc
1764 1159 1875 1184 oblatae
1889 1159 2031 1192 petitionis

1096 1192 1265 1223 instantiam,
1276 1191 1327 1217 sed
1338 1191 1374 1218 de
1384 1197 1480 1217 nostra
1489 1200 1568 1218 mera
1578 1192 1780 1218 deliberatione
1790 1197 1817 1218 et
1828 1198 1903 1219 certa
1915 1193 2031 1219 scientia

1096 1226 1254 1251 huiusmodi
1268 1226 1437 1252 assertiones
1456 1226 1681 1260 praedicatorum
1694 1227 1857 1259 eorundem,
1872 1232 1899 1253 et
1912 1227 2029 1253 aliorum

1096 1260 1293 1294 quorumlibet,
1304 1260 1351 1294 qui
1364 1260 1503 1287 affirmare
1516 1265 1737 1294 praesumerent,
1751 1269 1810 1293 eos,
1824 1261 1870 1295 qui
1885 1262 2030 1288 crederent

1095 1298 1142 1320 aut
1159 1298 1295 1326 tenerent,
1313 1295 1433 1321 eandem
1450 1295 1505 1321 Dei
1522 1295 1686 1329 genitricem
1703 1296 1739 1321 ab
1762 1295 1903 1329 originalis
1922 1297 2030 1330 peccati

1094 1329 1205 1354 macula
1226 1329 1253 1354 in
1274 1337 1324 1354 sua
1343 1331 1528 1363 conceptione
1545 1334 1754 1363 praeservatam
1771 1329 1866 1362 fuisse,
1880 1335 2030 1364 propterea

1095 1363 1210 1388 alicuius
1227 1363 1351 1389 haeresis
1371 1363 1436 1390 labe
1453 1364 1576 1398 pollutos
1593 1364 1663 1397 fore,
1675 1365 1720 1390 vel
1737 1364 1890 1390 mortaliter
1902 1373 2030 1398 peccare,

1095 1401 1142 1422 aut
1155 1397 1314 1423 huiusmodi
1328 1397 1451 1423 officium
1468 1398 1658 1432 conceptionis
1676 1399 1860 1431 celebrantes,
1874 1407 1923 1425 seu
1936 1399 2029 1425 huius-

1090 1431 1170 1457 modi
1184 1440 1328 1458 sermones
1342 1432 1488 1458 audientes
1501 1433 1616 1458 alicuius
1634 1433 1741 1466 peccati
1759 1438 1867 1459 reatum
1880 1433 2029 1467 incurrere,

1095 1470 1193 1500 utpote
1207 1466 1292 1492 falsas
1311 1470 1338 1492 et
1356 1475 1497 1499 erroneas,
1510 1471 1538 1493 et
1551 1476 1568 1493 a
1580 1467 1698 1494 veritate
1714 1467 1825 1501 penitus
1843 1468 1957 1500 alienas,
1971 1468 2027 1494 edi-

1095 1504 1196 1534 tosque
1210 1500 1332 1534 desuper
1345 1501 1429 1526 libros
1445 1501 1614 1535 praedictos,
1627 1501 1656 1527 id
1669 1502 1855 1534 continentes,
1870 1502 1963 1535 quoad
1975 1503 2029 1529 hoc

1094 1534 1260 1561 auctoritate
1281 1535 1436 1569 apostolica
1457 1541 1555 1562 tenore
1579 1536 1770 1570 praesentium
1794 1537 1976 1570 reprobamus
2001 1542 2030 1563 et

1094 1569 1269 1601 damnamus,
1282 1577 1314 1595 ac
1327 1574 1414 1602 motu,
1425 1570 1541 1596 scientia
1554 1575 1581 1596 et
1594 1571 1758 1596 auctoritate
1771 1571 1920 1604 praedictis
1933 1572 2029 1597 statui-

1093 1612 1155 1629 mus
1169 1608 1196 1629 et
1211 1603 1381 1636 ordinamus,
1396 1604 1471 1638 quod
1488 1605 1698 1638 praedicatores
1714 1605 1792 1631 verbi
1806 1605 1859 1631 Dei
1873 1610 1901 1631 et
1915 1605 2028 1639 quicun-

1094 1646 1147 1671 que
1165 1637 1220 1670 alii,
1238 1638 1428 1672 cuiuscunque
1446 1643 1544 1671 status,
1563 1639 1676 1672 gradus,
1694 1644 1741 1665 aut
1759 1639 1862 1665 ordinis
1879 1648 1912 1665 ac
1934 1640 2028 1666 condi-

1094 1672 1175 1698 tionis
1189 1672 1300 1704 fuerint,
1314 1673 1361 1706 qui
1379 1672 1414 1698 de
1433 1678 1526 1699 cetero
1544 1682 1614 1699 ausu
1628 1674 1776 1700 temerario
1789 1675 2028 1708 praesumpserint

1093 1706 1120 1731 in
1134 1714 1232 1732 eorum
1249 1707 1424 1732 sermonibus
1442 1707 1478 1733 ad
1496 1708 1632 1741 populum
1653 1716 1703 1734 seu
1724 1708 1793 1734 alias
1815 1709 2029 1742 quomodolibet

1093 1740 1241 1773 affirmare,
1258 1741 1418 1767 huiusmodi
1440 1742 1480 1767 sic
1502 1750 1552 1776 per
1573 1751 1624 1768 nos
1642 1743 1814 1776 improbatas
1833 1747 1862 1768 et
1882 1743 2027 1769 damnatas

1093 1775 1263 1801 assertiones
1285 1784 1365 1801 veras
1388 1784 1461 1808 esse,
1479 1781 1526 1802 aut
1548 1776 1638 1802 dictos
1659 1777 1744 1802 libros
1764 1785 1814 1811 pro
1831 1777 1904 1803 veris
1922 1778 2028 1811 legere,

1093 1814 1190 1835 tenere
1215 1809 1261 1835 vel
1286 1810 1400 1842 habere,
1426 1815 1576 1844 postquam
1602 1811 1637 1837 de
1663 1811 1858 1845 praesentibus
1882 1812 2028 1838 scientiam

1092 1844 1249 1876 habuerint,
1263 1845 1556 1871 excommunicationis
1575 1845 1742 1871 sententiam
1756 1854 1790 1871 eo
1804 1847 1865 1879 ipso
1879 1846 2028 1879 incurrant,

1092 1887 1109 1903 a
1122 1886 1177 1912 qua
1190 1878 1225 1904 ab
1239 1878 1304 1911 alio,
1318 1887 1402 1912 quam
1415 1888 1431 1904 a
1440 1879 1567 1905 Romano
1581 1880 1724 1912 Pontifice,
1738 1880 1800 1913 (nisi
1814 1880 1840 1905 in
1854 1881 1952 1906 mortis
1965 1881 2028 1906 arti-

1092 1912 1175 1945 culo,)
1187 1918 1327 1946 nequeant
1337 1913 1521 1939 absolutionis
1532 1914 1700 1940 beneficium
1711 1914 1850 1945 obtinere;
1864 1915 1930 1940 item
1940 1920 2028 1948 motu,

1092 1947 1208 1972 scientia
1226 1951 1254 1972 et
1272 1948 1437 1973 auctoritate
1456 1948 1592 1974 similibus
1614 1948 1696 1974 simili
1713 1957 1822 1982 poenae
1840 1957 1872 1974 ac
1894 1957 2028 1976 censurae

1092 1981 1271 2006 subiicientes
1283 1989 1341 2013 eos,
1353 1982 1399 2015 qui
1410 1982 1470 2007 ausi
1481 1982 1583 2008 fuerint
1596 1991 1732 2015 asserere,
1743 1983 1910 2009 contrariam
1919 1984 2027 2017 opinio-

1093 2023 1158 2041 nem
1179 2019 1317 2047 tenentes,
1338 2016 1469 2042 videlicet
1491 2017 1642 2049 gloriosam
1663 2017 1808 2050 Virginem
1827 2017 1943 2043 Mariam
1965 2027 2028 2044 cum

1092 2049 1217 2082 originali
1232 2055 1347 2083 peccato
1361 2050 1448 2076 fuisse
1462 2055 1636 2084 conceptam,
1649 2051 1774 2077 haeresis
1788 2052 1892 2077 crimen
1905 2052 1949 2078 vel
1963 2061 2027 2086 pec-

1091 2089 1184 2109 catum
1202 2084 1342 2110 incurrere
1358 2085 1485 2116 mortale,
1504 2093 1590 2118 quum
1612 2085 1736 2111 nondum
1753 2086 1788 2111 sit
1805 2094 1822 2111 a
1839 2086 1966 2112 Romana
1984 2095 2027 2112 ec-

1092 2118 1177 2144 clesia
1190 2122 1217 2144 et
1230 2118 1385 2152 apostolica
1398 2119 1466 2145 sede
1480 2119 1613 2151 decisum,
1627 2128 1683 2145 non
1701 2120 1876 2146 obstantibus
1895 2121 2027 2146 constitu-

1092 2152 1213 2177 tionibus
1233 2157 1260 2178 et
1278 2153 1499 2179 ordinationibus
1514 2154 1676 2187 apostolicis
1695 2154 1840 2180 contrariis
1859 2155 2026 2188 quibuscun-

1093 2195 1156 2220 que,
1176 2186 1277 2220 quibus
1295 2188 1478 2213 communiter
1495 2189 1539 2214 vel
1561 2188 1671 2214 divisim
1688 2197 1705 2214 a
1722 2189 1790 2214 sede
1812 2189 1966 2222 apostolica
1988 2190 2027 2215 in-

1093 2221 1201 2246 dultum
1215 2221 1338 2253 exsistat,
1350 2221 1426 2255 quod
1440 2222 1577 2253 interdici,
1588 2223 1721 2255 suspendi
1735 2223 1779 2249 vel
1793 2224 2026 2250 excommunicari

1093 2263 1149 2280 non
1163 2256 1271 2289 possint
1284 2264 1335 2289 per
1348 2256 1442 2281 literas
1455 2257 1635 2290 apostolicas,
1649 2265 1704 2282 non
1722 2257 1856 2283 facientes
1871 2258 1982 2291 plenam
1995 2267 2027 2284 ac

1092 2298 1264 2323 expressam,
1281 2298 1313 2315 ac
1331 2290 1366 2316 de
1384 2291 1470 2316 verbo
1489 2291 1525 2316 ad
1546 2291 1663 2317 verbum
1681 2291 1717 2318 de
1739 2291 1846 2317 indulto
1868 2292 2027 2318 huiusmodi

1091 2324 1271 2350 mentionem.
1307 2325 1342 2350 Et
1360 2333 1395 2350 ne
1414 2325 1449 2351 de
1471 2326 1633 2359 praemissis
1651 2326 1801 2359 aliquando
1818 2326 1931 2352 valcant
1949 2327 2026 2360 igno-

1092 2358 1209 2384 rantiam
1222 2359 1356 2391 allegare:
1374 2359 1513 2391 volumus,
1528 2360 1604 2394 quod
1617 2360 1742 2385 locorum
1756 2360 1885 2386 ordinarii
1899 2361 2026 2394 requisiti

1093 2398 1255 2426 praesentes
1269 2393 1364 2419 literas
1377 2393 1405 2418 in
1418 2394 1553 2427 ecclesiis,
1571 2394 1790 2420 consistentibus
1807 2395 1835 2420 in
1852 2403 1948 2421 eorum
1962 2396 2026 2421 civi-

1092 2427 1204 2458 tatibus,
1216 2431 1243 2452 et
1256 2436 1368 2453 suarum
1379 2427 1551 2461 dioecesum,
1562 2433 1590 2454 et
1602 2429 1671 2454 locis
1685 2429 1849 2462 insignibus,
1861 2429 1927 2455 dum
1938 2430 2026 2456 maior

1092 2461 1129 2486 ibi
1151 2461 1299 2487 multitudo
1322 2462 1417 2495 populi
1439 2462 1474 2488 ad
1497 2462 1591 2488 divina
1608 2463 1777 2495 convenerit,
1796 2464 1971 2489 sermonibus
1990 2465 2027 2490 ad

1092 2496 1226 2529 populum
1252 2496 1386 2522 mandent
1412 2501 1440 2522 et
1466 2496 1568 2523 saciant
1595 2497 1739 2531 publicari.
1776 2498 1936 2530 Praeterea,
1961 2499 2027 2532 quia

1092 2530 1204 2556 difficile
1226 2530 1299 2556 foret
1320 2536 1484 2564 praesentes
1506 2531 1599 2557 literas
1617 2531 1652 2556 ad
1671 2532 1779 2565 singula
1796 2532 1865 2564 loca,
1880 2532 1906 2557 in
1924 2533 2024 2566 quibus

1091 2564 1245 2598 expediens
1259 2564 1350 2597 fuerit,
1364 2564 1485 2591 deferre:
1500 2566 1584 2591 etiam
1595 2566 1722 2591 volumus
1733 2571 1761 2592 et
1774 2566 1848 2592 dicta
1861 2567 2026 2594 auctoritate

1091 2598 1278 2631 decernimus,
1296 2599 1373 2633 quod
1395 2600 1548 2626 earundem
1570 2600 1711 2625 literarum
1732 2605 1921 2634 transsumpto
1943 2610 2025 2627 manu

1091 2633 1194 2666 publici
1208 2633 1305 2659 notarii
1319 2633 1448 2660 confecto
1462 2639 1489 2660 et
1503 2634 1662 2660 authentico
1676 2634 1791 2660 alicuius
1805 2635 1921 2668 praelati
1935 2636 2024 2662 eccle-

1090 2667 1194 2693 siastici
1214 2668 1305 2701 sigillo
1322 2669 1428 2694 munito
1447 2669 1550 2702 ubique
1569 2673 1666 2700 stetur,
1679 2674 1762 2702 prout
1779 2673 1899 2695 staretur
1916 2669 2025 2696 eisdem

1091 2701 1273 2735 originalibus
1290 2702 1387 2735 literis,
1406 2703 1428 2728 si
1447 2703 1537 2728 forent
1555 2703 1696 2729 exhibitae
1713 2703 1757 2729 vel
1775 2707 1914 2730 ostensae.
1950 2704 2023 2730 Nulli

1090 2744 1158 2769 ergo
1169 2736 1281 2762 omnino
1295 2737 1439 2762 hominum
1452 2737 1534 2762 liceat
1547 2737 1617 2762 hanc
1628 2738 1758 2776 paginam
1769 2741 1881 2764 nostrae
1892 2746 1921 2764 re
1944 2739 2024 2765 roba-

1090 2770 1183 2802 tionis,
1193 2770 1390 2803 damnationis,
1399 2771 1504 2803 statuti,
1515 2771 1708 2803 ordinationis,
1718 2771 1868 2797 voluntatis
1879 2776 1907 2798 et
1937 2773 2024 2799 ecreti

1090 2804 1250 2838 infringere,
1264 2805 1307 2831 vel
1325 2806 1350 2831 ei
1369 2814 1437 2831 ausu
1456 2806 1604 2831 temerario
1622 2806 1767 2831 contraire.
1804 2806 1832 2832 Si
1851 2806 1912 2840 quis
1930 2812 2024 2833 autem

1089 2839 1143 2864 hoc
1167 2844 1304 2866 attentare
1329 2839 1557 2873 praesumpserit,
1579 2839 1799 2872 indignationem
1823 2841 2023 2875 omnipotentis

1090 2873 1142 2900 Dei
1165 2878 1193 2900 et
1210 2874 1356 2900 beatorum
1370 2874 1442 2900 Petri
1457 2879 1484 2900 et
1502 2873 1578 2899 Pauli
1591 2874 1793 2908 Apostolorum
1811 2883 1841 2901 se
1859 2876 1968 2902 noverit
1986 2878 2024 2902 in-

1090 2916 1241 2934 cursurum.
1278 2909 1383 2934 Datum
1404 2908 1511 2934 Romae
1532 2908 1606 2941 apud
1629 2909 1656 2934 S.
1670 2909 1791 2941 Petrum,
1808 2917 1880 2935 anno
1899 2910 2022 2937 incarna-

1090 2942 1173 2968 tionis
1189 2943 1347 3002 2ominicae
1365 2942 1641 2969 MCCCCLXXXIII.
1659 2942 1731 2977 prid.
1748 2944 1820 2970 Non.
1839 2944 1926 2979 Sept„
1943 2945 2022 2972 Pont-

1089 2977 1177 3003 nostri
1217 2985 1242 3003 o.
1256 2977 1326 3003 XIII.

970 3054 990 3078 ²)
1000 3053 1051 3079 (εφη
1065 3054 1224 3079 approbatam:
1239 3054 1266 3080 cs.
1277 3054 1337 3075 Clem.
1348 3060 1387 3074 nn.
1398 3054 1421 3075 dc
1433 3054 1506 3080 relisjn.
1516 3055 1536 3075 c!
1546 3060 1589 3075 rcn.
1599 3055 1668 3075 sanct.
1680 3055 1707 3079 (3,
1720 3055 1760 3075 1⁴3)

1690 3088 1746 3116 81*
