2243 3288
152 247 215 274 1311

155 325 287 351 nominat,
306 329 436 355 tanquam
454 320 605 346 eorundem
621 321 790 345 Graecorum
808 318 985 352 antiquorum
999 318 1084 344 schis-

155 359 325 384 maticorum,
344 363 370 381 ei
390 356 414 380 in
429 355 573 387 antiquato
587 354 739 379 schismate
752 353 975 384 constitutorum,
994 357 1021 378 et
1035 361 1085 386 per

155 393 207 417 hoc
225 391 438 419 haereticorum,
461 395 486 414 ct
506 389 629 414 haeresis
648 389 771 421 ipsorum
793 395 825 412 ac
843 386 998 412 schismatis
1016 387 1084 412 anti-

155 426 199 459 qui
219 425 363 452 fautorem,
382 424 416 448 de
435 423 548 448 fratrum
571 428 728 447 nostrorum
746 421 861 447 consilio
884 420 1084 446 denunciamus

155 457 446 485 excommunicationis
469 457 636 482 sententiam
654 457 737 482 latam
760 464 776 481 a
798 463 905 481 canone
928 455 1085 487 incurrisse,

153 502 183 518 ac
204 494 289 526 ipsius
304 497 361 517 tore
375 492 529 517 sententiae
543 491 652 516 vinculo
670 490 843 515 innodatum.
881 489 1013 515 Ceterum
1027 489 1084 514 uni-

153 528 238 552 versis
257 532 283 552 et
301 526 417 558 singulis
435 525 557 558 regibus,
576 525 756 559 principibus,
775 524 901 555 ducibus,
919 523 1084 548 marchioni-

152 561 211 592 bus,
226 560 382 591 comitibus,
396 560 556 591 baronibus,
575 565 602 585 et
621 559 720 584 ceteris
739 558 877 589 omnibus,
896 558 1085 590 cuiuscunque

151 595 395 628 praeeminentiae,
418 594 594 624 conditionis,
620 599 717 625 status,
742 601 793 618 nec
818 600 872 617 non
898 591 1084 617 universitatis

150 630 300 659 civitatum,
320 634 483 659 castrorum,
503 633 528 654 et
542 628 658 653 aliorum
677 628 800 652 locorum
814 626 965 652 districtius
979 626 1085 651 inhibe-

150 671 220 691 mus,
243 671 277 688 ne
299 671 362 688 cum
384 662 484 688 eodem
507 662 666 687 Andronico
686 662 853 693 Palaeologo
877 661 903 685 in
926 660 1084 685 huiusmodi

150 697 435 722 excommunicatione
458 702 590 722 manente
612 696 776 721 societatem
798 695 842 720 vel
861 694 1084 720 confoederatio-

150 739 213 756 nem
231 732 352 764 aliquam
371 731 535 756 contrahere
558 730 609 755 sub
629 730 727 763 quovis
749 729 861 762 ingenio
879 729 923 754 vel
944 729 1084 754 machina-

150 766 224 790 tione
243 771 431 798 praesumant,
450 765 493 790 vel
511 765 535 790 ei
554 765 622 790 alias
636 765 662 789 in
676 765 728 796 his,
747 763 849 797 quibus
863 763 1084 788 excommunica-

149 804 192 824 tus
210 806 253 825 est
271 800 452 825 denunciatus
470 808 486 824 a
503 799 593 831 nobis,
616 804 759 832 praestare
776 797 931 829 consilium,
954 796 1084 822 auxilium

148 834 192 859 vel
211 833 336 859 savorem
355 834 495 868 publicum
515 834 558 859 vel
577 833 724 858 occultum.
762 833 796 857 Et
810 832 831 857 si
845 839 926 857 secus
942 839 1083 865 praesum-

149 873 227 901 ptum
246 868 340 894 fuerit:
364 876 460 893 omnes
479 867 633 900 singulares
652 875 798 901 personas,
820 866 987 891 contrarium
1005 873 1084 899 prae-

148 908 299 933 sumentes,
311 904 376 934 <non
388 902 517 927 obstante
529 901 653 935 qualibet
668 901 841 933 indulgentia
854 900 906 926 sub
918 907 1084 933 quacunque

148 936 236 961 forma
259 937 407 962 verborum
431 936 475 962 vel
497 936 677 969 expressione
700 936 767 968 ipsis
786 935 821 960 ab
843 934 999 968 apostolica
1017 933 1084 959 sede

149 979 291 1002 concessa,
315 971 358 996 vel
381 972 407 996 in
430 976 573 1004 posterum
596 969 786 1001 concedenda,
811 977 894 1002 quam
916 968 1009 1002 quoad
1032 968 1084 993 hoc

147 1005 252 1030 viribus
269 1005 397 1030 volumus
416 1005 528 1030 omnino
547 1005 661 1036 carere‚)
680 1003 849 1029 sententiam
863 1003 1084 1028 excommunica-

146 1039 238 1069 tionis,
260 1047 343 1072 quam
367 1047 474 1064 exnunc
496 1039 522 1064 in
551 1039 627 1073 ipsos
650 1038 773 1069 serimus,
796 1037 934 1062 incurrere
957 1036 1084 1062 volumus

147 1073 209 1106 ipso
223 1073 305 1099 facto.
328 1074 429 1099 Terras
444 1074 566 1106 ipsorum
581 1078 607 1098 et
622 1073 815 1098 universitates
830 1071 998 1105 praedictas,
1013 1079 1085 1104 quae

147 1115 229 1133 secus
247 1113 384 1133 attentare
404 1107 651 1141 praesumpserint,
670 1112 750 1140 prout
764 1105 897 1140 expedire
916 1105 1084 1136 videbimus,

148 1142 337 1168 ecclesiastico
351 1142 509 1167 curabimus
526 1142 663 1167 subiicere
682 1141 839 1172 interdicto,
849 1140 885 1165 ad
900 1139 1084 1174 privationem

148 1177 273 1202 omnium
285 1177 432 1209 bonorum,
447 1184 520 1210 quae
532 1185 549 1202 a
562 1175 736 1210 quibuslibet
749 1180 845 1202 tenent
858 1174 994 1207 ecclesiis,
1008 1178 1035 1200 et
1048 1173 1085 1199 ad

198 1280 259 1304 Cap.
274 1280 311 1300 1v.
701 1280 721 1303 3),
732 1278 892 1299 temeritatem:
907 1277 934 1297 ib.

144 1304 203 1326 Rom.
213 1311 270 1332 oper.
279 1306 350 1326 nicnd.

348 1280 368 1304 1)
378 1279 439 1300 Am*
506 1279 526 1303 2)
537 1281 570 1299 ut:
587 1279 629 1299 ,ΠΝ

404 1307 425 1330 7)
435 1307 486 1325 Dat.
496 1309 550 1326 etc-2
565 1305 632 1325 deest:
646 1304 663 1324 A

466 243 682 270 EXTRAVAG.
703 241 875 268 COMMUN.
894 239 959 267 LlB.
979 240 1013 267 V.
1032 240 1102 268 TIT.
1121 241 1155 267 X.
1174 239 1226 266 DE
1245 238 1453 267 SENTENTIA
1472 238 1641 266 EXCOMM.
1661 248 1684 266 c.
1703 247 1727 273 4.

1009 1277 1030 1301 4)
1041 1275 1183 1296 intendentes
1193 1281 1272 1296 omnes
1282 1277 1304 1296 et
1313 1274 1424 1300 singulos:
1438 1273 1499 1294 ΛΜΝ

1987 235 2053 264 1312

1120 327 1226 352 poenas
1247 318 1314 343 alias
1333 317 1490 351 spirituales
1509 321 1537 342 et
1555 317 1732 350 temporales,
1755 320 1837 350 prout
1860 315 1926 341 utile
1944 314 2052 349 putabi-

1120 361 1190 385 mus,
1204 352 1369 386 processuri.
1406 351 1441 376 Et
1454 350 1639 383 nihilominus,
1653 351 1817 377 societatem
1830 354 1857 376 et
1871 349 2052 375 confoedera-

1121 387 1225 413 tionem
1239 387 1323 420 ipsas,
1342 385 1451 411 etiamsi
1470 392 1624 418 poenarum
1638 389 1665 410 et
1683 385 1829 411 iuramenti
1847 383 1991 410 additione
2008 383 2052 409 vel

1121 429 1286 455 quacunque
1300 420 1401 446 suerint
1413 419 1466 445 alia
1485 418 1614 444 firmitate
1627 419 1756 451 vallatae,
1774 418 1948 445 decernimus
1962 417 2052 443 irritas

1121 460 1149 481 et
1162 457 1266 481 inanes.
1303 455 1406 480 Datum
1421 453 1538 479 Pictavis
1553 453 1596 478 111.
1610 453 1705 478 Nonas
1719 453 1788 478 Iunii
1800 454 1852 479 Ao.
1867 453 1898 478 11.
1918 450 2018 486 [1306.]

1514 530 1587 550 CAP.
1602 529 1654 550 lv.¹

1119 567 1314 586 Excommunicati
1328 568 1380 586 suut
1393 566 1429 590 qui
1440 565 1674 615 literasiamgiigiiailffie
1688 569 1750 584 suam
1761 565 1928 584 coronationem
1939 569 2055 584 concessas

1539 649 1638 675 Idem.

1190 693 1261 727 Quia
1282 693 1414 723 nonnulli,
1440 693 1550 726 (ρνοιιῖ2
1574 691 1754 725 accepimus‚)
1780 695 1877 716 contra
1898 690 2054 717 doctrinam

1122 727 1251 761 Apostoli
1265 736 1332 754 suae
1346 727 1520 761 prudentiae,
1535 726 1600 760 quin
1635 725 1707 751 otius
1722 724 1924 758 imprudentiae
1938 725 2053 752 inniten-

1121 767 1173 794 tes,
1195 770 1227 787 ac
1250 762 1410 795 disceptare
1430 770 1514 795 super
1535 761 1586 792 his,
1610 768 1645 786 (e
1669 759 1769 793 quibus
1792 759 1832 785 eis
1855 767 1911 784 non
1933 760 2053 794 expedit,

1121 800 1294 829 satagentes,
1312 800 1438 822 asserere
1455 804 1510 820 non
1528 799 1668 826 verentur,
1692 793 1768 827 quod
1787 801 1910 818 summus
1929 794 2054 820 Pontifex

1120 836 1185 856 ante
1207 838 1274 855 suae
1297 830 1485 855 coronationis
1507 829 1627 862 insignia
1643 837 1674 854 sc
1691 836 1747 853 non
1765 827 1850 853 debet
1871 827 2056 854 intromittere

1121 864 1156 890 de
1174 863 1389 897 provisionibus,
1408 863 1653 895 reservationibus,
1676 861 1932 896 dispensationibus
1949 866 1978 888 et
1994 862 2054 888 aliis

1120 898 1216 931 gratiis
1231 898 1375 930 faciendis,
1393 906 1444 924 nec
1458 906 1488 923 se
1502 898 1529 923 in
1542 898 1627 923 literis
1642 897 1806 931 episcopum
1820 896 1991 930 simpliciter,
2005 896 2056 922 sed

1120 933 1242 958 electum
1263 932 1428 966 episcopum
1449 932 1581 964 scribere,
1603 939 1654 957 nec
1676 931 1761 957 etiam
1783 930 1821 956 uti
1843 930 1928 962 bulla,
1950 930 1978 956 in
2000 938 2055 964 qua

1121 975 1223 992 nomen
1245 966 1416 1000 exprimatur
1441 966 1540 1000 ipsius:
1566 974 1627 997 nos,
1652 966 1746 990 talium
1768 964 1958 990 temeritates³
1982 973 2054 990 com-

1120 1009 1237 1035 pescere
1255 1000 1433 1034 cupientes4·
1451 1000 1585 1033 singulos,
1604 999 1649 1033 qui
1669 999 1817 1025 occasione
1830 998 1989 1024 huiusmodi
2007 999 2054 1024 ali-

1121 1035 1208 1069 quas5
1220 1035 1315 1060 literas
1329 1038 1438 1060 nostras
1449 1042 1533 1067 super
1546 1034 1666 1067 negotiis
1678 1033 1892 1067 quibuscunque
1903 1032 2054 1066 confectas,

1121 1078 1192 1103 quae
1206 1078 1222 1095 a
1235 1069 1315 1094 nobis
1329 1073 1393 1094 ante
1407 1067 1611 1094 coronationisG
1624 1072 1736 1093 nostrae
1749 1067 1868 1100 insignia
1882 1072 2055 1100 emanarunt,

1120 1104 1179 1129 ausi
1198 1103 1300 1129 fuerint
1318 1103 1492 1136 impugnare,
1513 1102 1807 1127 excommunicationis
1825 1102 1965 1128 sententia
1978 1102 2055 1127 inno-

1121 1138 1227 1165 damus.
1268 1137 1390 1163 DatumT
1412 1136 1488 1171 apud
1509 1137 1645 1163 Pesecum
1666 1135 1881 1170 Burdegalensis
1907 1136 2056 1169 dioecesis,

1119 1173 1173 1199 Ao.
1187 1173 1218 1198 11.
1239 1171 1339 1207 [1306.]

1561 1273 1581 1299 5)
1591 1273 1632 1294 aL:
1647 1273 1714 1294 deest:
1728 1272 1768 1293 AN
1834 1273 1854 1298 G)
1865 1273 2003 1294 donationis:
2017 1273 2055 1294 Ed.

1020 1430 1181 1451 FINIS.
