2243 3288
125 198 191 225 1309

125 276 290 302 auctoritate
303 281 408 309 nostra,
427 282 454 303 et
469 286 537 311 quas
557 279 673 305 concedi
691 279 904 312 quomodolibet
917 278 1060 311 continget

126 311 153 337 in
171 315 325 345 posterum,
342 311 438 343 verbe,
456 312 542 338 literis
560 318 607 339 aut
625 314 723 347 quavis
741 314 795 339 alia
812 313 958 347 scriptura,
977 313 1060 338 etiam

127 353 190 384 curn⁴
202 345 334 377 clausula,
348 346 424 379 quod
436 347 495 372 sola
508 347 650 380 signatura
661 347 789 379 sufficiat,
799 347 883 373 etiam
896 347 923 372 in
937 346 1060 372 favorem

127 379 192 418 fidei
206 384 234 405 et
247 380 394 412 cruciatae,
413 380 503 406 nullus
517 381 709 407 confessorum
723 382 877 408 eorundem
890 382 1060 414 quempiam,

127 414 247 439 cuiusvis
266 418 365 446 status,
383 414 497 447 gradus,
515 416 619 441 ordinis
637 417 682 442 vel
700 416 866 441 conditionis
885 415 1011 447 exsistat,
1033 421 1059 441 et

127 456 293 482 quacunque
315 449 514 481 ecclesiastica,
537 450 621 476 etiam
644 450 797 484 episcopali
818 450 863 475 vel
885 449 992 481 maiori,
1015 454 1060 475 aut

126 482 277 515 mundana,
295 483 379 508 etiarn
396 484 482 517 regali
497 489 525 510 et
542 484 639 510 maiori
657 484 794 518 dignitate
811 483 995 517 praefulgeat,
1014 484 1060 517 qui

127 516 252 543 offensae
280 517 486 544 ecclesiasticae
513 519 658 551 libertatis,
684 518 840 544 violationis
864 518 1002 543 interdicti
1024 519 1059 544 ab

125 551 226 577 eadem
244 551 313 577 sede
331 552 462 586 impositi,
479 561 530 578 seu
548 553 682 585 haeresis,
700 557 851 586 postquam
864 552 965 578 fuerint
980 552 1014 578 de
1028 561 1061 578 ea

127 585 330 612 sententialiter
343 587 532 619 condemnati,
551 587 635 613 delati
648 595 698 613 seu
711 586 821 620 publice
835 586 979 618 diffamati,
997 595 1061 612 con-

125 620 284 653 spirationis
307 620 334 645 in
356 629 505 654 personam
522 626 570 647 aut
588 625 691 647 statum
708 621 828 646 Romani
845 621 993 653 Pontificis,
1012 630 1060 647 seu

128 654 250 680 cuiusvis
276 654 414 688 offensae,
445 655 653 682 inobedientiae
677 659 724 680 aut
748 655 909 680 rebellionis
935 655 1062 681 eiusdem

125 689 267 714 Pontificis
281 689 373 716 dictae
386 689 473 722 sedis,
490 690 671 715 mutilationis
685 690 876 715 membrorum
889 690 933 715 vel
947 690 1061 715 occisio-

126 723 169 748 nis
183 723 373 757 cuiuscunque
391 724 418 749 in
435 724 520 750 sacris
535 724 678 749 ordinibus
692 724 844 756 constituti,
862 724 987 750 offensae
1001 732 1060 758 per-

127 757 230 783 sonalis
241 758 269 783 in
275 758 440 792 episcopum
451 767 500 784 seu
510 759 595 784 alium
605 758 770 792 praelatum,
778 758 1061 792 invasionis‚deprae-

126 792 257 825 dationis,
275 793 464 826 occupationis
483 797 530 818 aut
548 792 750 818 devastationis
768 797 904 818 terrarum
917 793 1062 819 Romanae

125 827 261 852 ecclesiae
286 827 409 852 mediate
433 827 478 853 vel
502 826 663 852 immediate
685 827 889 859 subiectarum,
920 836 952 853 ac
977 828 1061 853 etiam

125 861 275 886 invasionis
300 861 527 895 Romipetarum,
553 869 602 886 seu
628 869 857 895 quorumcunque
882 862 1000 887 aliorum
1024 862 1061 887 ad

125 896 281 921 Romanam
303 895 408 921 curiam
431 895 610 927 venientium,
635 896 829 929 prohibitionis
852 896 1062 922 devolutionum

125 938 272 955 causarum
284 929 320 955 ad
339 930 442 955 dictam
456 930 569 961 curiam,
589 930 736 955 delationis
750 939 890 956 armorum
903 935 932 956 et
944 930 1062 956 aliorum

125 964 329 998 prohibitorum
353 963 389 989 ad
413 968 507 997 partes
529 964 692 996 infidelium,
718 965 903 998 impositionis
926 973 1062 990 novorum

125 1007 242 1024 onerum
258 998 374 1024 realium
391 999 436 1024 vel
453 999 644 1032 personalium
662 999 786 1024 ecclesiis
800 999 844 1025 vel
864 999 1061 1025 ecclesiasticis

124 1032 263 1067 personis,
274 1032 408 1058 simoniae
422 1041 507 1066 super
517 1033 662 1058 ordinibus
675 1033 719 1059 vel
732 1033 876 1059 beneficiis
887 1042 1061 1067 consequen-

126 1067 168 1093 dis
186 1067 214 1092 in
232 1066 306 1092 dicta
325 1067 400 1092 curia
421 1068 466 1093 vel
483 1072 561 1093 extra
574 1076 636 1093 eam
654 1072 813 1093 contractae
830 1068 974 1093 criminum
993 1076 1061 1101 quo-

124 1101 281 1127 modolibet
293 1109 357 1127 reus
370 1101 451 1133 foret,
469 1106 497 1127 et
513 1102 682 1135 generaliter
698 1102 726 1127 in
738 1102 864 1135 ¹casibus,
881 1103 1020 1128 contentis
1034 1102 1062 1127 in

124 1135 221 1168 literis,
244 1144 317 1169 quae
335 1140 539 1162 consueverunt
561 1136 589 1161 in
607 1136 651 1162 die
669 1144 774 1162 coenae
787 1136 901 1162 Domini
918 1137 1062 1170 publicari,

125 1174 272 1204 praetextu
285 1170 446 1196 huiusmodi
456 1170 619 1196 facultatum
629 1171 786 1202 absolvere,
800 1176 827 1196 et
837 1179 887 1205 per
897 1179 947 1197 eos
957 1171 1061 1196 emissa

124 1205 358 1238 peregrinationis
370 1205 574 1236 ultramarinae,
589 1210 616 1231 et
626 1205 791 1231 visitationis
806 1205 931 1231 liminum
940 1206 1062 1239 Aposto-

124 1239 215 1264 lorum
236 1239 309 1264 Petri
331 1244 359 1265 et
380 1239 465 1271 Pauli,
487 1239 515 1264 in
538 1239 738 1273 Compostella,
761 1244 788 1265 et
810 1239 945 1265 castitatis
966 1248 999 1265 ac
1020 1248 1062 1265 re-

124 1273 235 1307 ligionis
249 1278 324 1305 vota,
337 1273 389 1298 nisi
403 1282 437 1299 ex
448 1273 562 1307 speciali
575 1274 686 1299 licentia
699 1278 727 1299 et
740 1278 816 1300 certa
828 1274 945 1300 scientia
958 1279 1062 1306 nostra,

125 1307 161 1333 de
173 1316 229 1341 qua
242 1308 356 1333 demum
369 1312 497 1333 constare
511 1312 666 1340 censeatur,
681 1316 766 1342 quum
779 1309 806 1334 in
817 1309 958 1341 signatura
968 1313 1064 1334 nostra

125 1342 248 1375 desuper
261 1350 344 1367 manu
362 1347 460 1368 nostra
473 1343 607 1376 scriptum
621 1347 668 1368 aut
685 1343 713 1367 in
730 1342 817 1368 literis
835 1343 936 1368 nostris
950 1351 1062 1376 expres-

125 1384 187 1402 sum
200 1376 292 1408 fuerit,
304 1385 355 1402 nos
370 1385 403 1402 ex
416 1381 493 1402 certa
506 1377 622 1402 scientia
635 1381 663 1402 et
676 1376 712 1402 de
725 1377 839 1410 speciali
853 1377 943 1410 gratia
956 1377 984 1402 id
998 1385 1062 1402 con-

125 1411 227 1437 cedere
245 1419 308 1436 cum
325 1410 509 1444 derogatione
521 1411 681 1444 'praesentis
700 1411 916 1443 constitutionis,
934 1411 1007 1437 illius
1027 1411 1062 1437 de

124 1445 211 1471 verbo
225 1445 260 1471 ad
273 1445 389 1471 verbum
402 1446 506 1471 inserto
521 1450 628 1477 tenore,
641 1453 697 1471 non
710 1450 804 1472 autern
817 1454 867 1479 per
881 1446 1018 1471 clausulas
1032 1445 1061 1471 id

125 1479 318 1513 importantes,
338 1479 383 1505 vel
400 1479 427 1505 in
445 1480 560 1505 articulo
578 1480 675 1506 mortis
694 1480 884 1513 constitutum,
907 1484 935 1506 et
953 1484 1017 1505 tunc
1035 1480 1062 1505 in

125 1514 245 1546 casibus,
263 1514 291 1539 in
304 1514 404 1548 quibus
418 1513 571 1539 satisfactio
585 1514 666 1540 fuerit
680 1514 878 1548 impendenda,
896 1514 970 1540 facta
983 1514 1062 1540 satis-

125 1548 246 1574 factione
270 1548 316 1574 vel
340 1548 442 1574 idonea
466 1548 600 1582 praestita
625 1549 762 1581 cautione,
787 1553 958 1574 commutare
983 1557 1061 1582 prae-

125 1587 244 1609 sumant.
290 1583 326 1608 Et
350 1583 372 1608 si
397 1582 483 1616 aliqui
512 1583 706 1608 confessorum
735 1583 942 1617 praedictorum
966 1588 1062 1608 contra

125 1622 305 1651 praesentem
329 1617 556 1643 constitutionem
579 1626 749 1651 quemquam
769 1617 925 1649 absolvere,
947 1622 995 1643 aut
1017 1626 1062 1643 ex-

126 1657 208 1686 cepta
220 1656 287 1677 vota
303 1651 447 1685 praedicta
464 1656 635 1677 commutare
652 1652 861 1678 attentaverint:
880 1652 1020 1678 absolutio
1035 1656 1062 1677 et

127 1686 307 1712 commutatio
321 1686 481 1711 huiusmodi
498 1686 598 1711 nullius
616 1687 652 1712 sit
668 1687 777 1712 roboris
790 1687 835 1712 vel
847 1686 991 1712 momenti.
1027 1686 1063 1711 Et

127 1725 224 1746 contra
241 1720 375 1746 facientes
393 1729 428 1746 eo
445 1721 507 1754 ipso
525 1721 818 1746 excommunicationis
837 1721 1006 1747 sententiam
1023 1720 1062 1745 in-

126 1760 245 1787 currant,
268 1764 284 1780 a
302 1763 366 1789 qua,
389 1755 452 1787 (nisi
470 1755 497 1780 in
514 1755 611 1780 mortis
629 1755 746 1780 articulo
764 1755 928 1788 constituti,)
950 1755 986 1780 ab
1008 1755 1062 1780 alio

127 1798 210 1823 quam
223 1798 240 1815 a
252 1790 378 1815 Romano
393 1789 525 1815 Pontifice
538 1789 646 1815 absolvi
660 1798 714 1815 non
728 1790 845 1823 possint,
858 1798 915 1815 non
928 1789 1062 1815 obstanti-

126 1824 178 1850 bus
189 1823 288 1850 litteris
299 1828 327 1850 et
337 1823 582 1849 constitutionibus
592 1824 761 1856 huiusmodi,
774 1832 806 1850 ac
817 1824 1062 1850 constitutionibus

126 1863 153 1884 et
168 1858 388 1884 ordinationibus
402 1863 456 1884 etc.
492 1858 527 1883 Et
545 1866 580 1884 ne
598 1858 699 1892 aliquis
717 1858 752 1884 de
770 1858 967 1892 praesentibus
986 1858 1063 1891 igno-

126 1893 244 1918 rantiam
257 1893 349 1918 valeat
362 1893 494 1926 allegare,
511 1892 686 1925 mandamus,
704 1901 752 1918 eas
770 1893 798 1918 in
815 1893 980 1919 cancellaria
997 1900 1063 1926 apo-

127 1928 225 1953 stolica
238 1931 266 1953 et
278 1927 420 1953 audientia
437 1927 590 1952 litterarum
604 1927 839 1952 contradictarum
857 1927 911 1960 legi
929 1931 956 1952 et
974 1926 1063 1960 publi-

126 1962 191 1994 cari,
209 1970 241 1987 ac
258 1961 330 1987 inter
347 1966 562 1994 extravagantes
579 1961 647 1987 alias
666 1961 838 1995 apostolicas
851 1961 1063 1987 constitutiones

126 1996 154 2022 in
178 2000 315 2030 quaterno
341 1995 433 2022 dictae
455 1996 636 2022 cancellariae
661 1995 782 2022 describi
807 2000 860 2022 etc.
896 1995 970 2021 Nulli
996 2003 1063 2028 ergo

127 2031 240 2056 omnino
254 2030 399 2056 hominum
411 2030 493 2056 liceat
506 2030 577 2055 hanc
590 2030 722 2064 paginam
732 2035 890 2056 nostrarum
903 2029 1064 2064 suspensio-

127 2065 178 2097 nis,
197 2065 379 2096 inhibitionis,
397 2064 520 2090 mandati
538 2069 567 2090 et
583 2065 734 2090 voluntatis
751 2069 804 2091 etc.
846 2065 952 2090 Datum
965 2064 1064 2098 Spirae

127 2108 200 2125 anno
213 2099 328 2125 Domini
341 2099 616 2125 MCCCCLXXVIII.

451 2195 674 2225 TITULUS
702 2196 737 2224 X.

179 2253 235 2280 DE
263 2254 507 2280 SENTENTIA
534 2252 1015 2280 EXCOMMUNICATIONIS.

545 2323 616 2343 CAP.
631 2323 649 2342 1.

127 2358 321 2378 Excornmunicati
336 2360 394 2382 sunt,
408 2358 445 2382 qui
462 2358 533 2382 pactis
547 2360 585 2376 aut
598 2357 784 2381 promissionibus
799 2357 906 2376 iustitiam
921 2356 956 2375 vel
971 2355 1065 2379 gratiam

127 2391 140 2404 a
153 2385 205 2405 sede
219 2384 343 2409 apostolica
357 2385 467 2407 obtinent,
484 2386 506 2402 et
520 2384 558 2407 qui
573 2383 628 2402 tales
644 2389 689 2402 nou
704 2383 816 2407 revelant:
836 2388 877 2402 nee
892 2382 937 2401 illis
955 2381 1066 2400 absolutio

489 2409 554 2428 facile
565 2409 703 2429 conceditur.

446 2468 646 2494 Bonifacius
664 2468 751 2494 V111.1

196 2511 475 2538 Excommunicamus
500 2516 529 2537 et
557 2511 824 2537 anathematizamus
850 2518 883 2536 ex
908 2514 987 2543 parte
1011 2509 1064 2535 Dei

128 2547 327 2581 omnipotentis
345 2546 442 2578 Patris,
461 2550 489 2572 et
507 2545 576 2577 Filii,
595 2550 623 2572 et
641 2545 760 2579 Spiritus
779 2544 876 2575 sancti,
899 2543 1064 2569 auctoritate

129 2590 241 2616 quoque
265 2581 413 2607 beatorum
437 2580 639 2614 Apostolorum
663 2579 736 2605 Petri
762 2584 790 2605 et
812 2578 888 2604 Pauli
909 2583 938 2604 et
960 2582 1064 2609 nostra,

128 2624 225 2642 omnes
239 2615 364 2647 clericos,
378 2615 526 2648 religiosos
537 2619 566 2640 et
579 2615 664 2640 laicos
675 2614 820 2647 utriusque
834 2620 927 2644 sexus,
938 2612 996 2638 sive
1010 2612 1063 2637 sint

128 2651 277 2677 familiares
291 2649 383 2675 curiae
398 2649 457 2675 sive
469 2649 534 2674 alii²
551 2648 747 2682 undecunque,
761 2648 808 2681 qui
822 2646 936 2680 aliquod
950 2651 1063 2684 pactum

128 2685 254 2717 fecerint,
273 2692 322 2710 seu
339 2683 446 2717 aliquid
463 2691 580 2717 parvum
597 2683 642 2709 vel
658 2690 791 2716 magnum
813 2681 1002 2716 promiserint,
1019 2681 1064 2706 vel

128 2719 344 2755 promissionem
365 2717 532 2751 receperint,
553 2721 601 2743 aut
623 2725 657 2743 ex
679 2721 761 2751 pacto
784 2716 842 2742 sive
860 2715 1064 2750 promissione³

129 2755 238 2781 occulta
250 2753 294 2780 vel
306 2752 466 2784 manifesta,
483 2751 557 2777 facta
571 2751 622 2777 sub
635 2751 815 2785 generalibus
828 2754 857 2776 et
869 2749 995 2784 plenarie
1007 2757 1063 2775 non

129 2788 278 2824 expressis,
303 2787 362 2814 sive
386 2787 456 2813 sit4·
481 2786 533 2812 sub
558 2785 727 2820 specialibus
752 2789 780 2812 et
805 2784 945 2819 expressis
966 2788 1064 2818 aperte

178 2911 232 2930 Tit.
246 2910 272 2929 X.
301 2909 363 2933 Cap.
378 2907 395 2927 1.
423 2907 444 2931 l)
454 2907 565 2926 Romanus
579 2906 735 2931 ezhavaffantfs
749 2905 816 2925 textus
825 2904 926 2930 repetitus
935 2904 965 2925 cst
974 2905 997 2924 in
1007 2903 1064 2924 linit.

126 2935 186 2956 Rom.
197 2936 227 2956 ed.
240 2936 302 2955 Taur.
313 2935 350 2958 IV,
361 2935 416 2956 126.:
428 2943 450 2947 —
461 2931 598 2953 ACGHMXP:
608 2943 632 2946 —
642 2932 737 2952 l'omnast
746 2936 780 2951 no.
791 2932 862 2951 24249.
915 2930 936 2953 2)
946 2931 986 2949 aL:
996 2930 1064 2950 deest:

127 2962 178 2983 cGN
227 2962 248 2986 3)
258 2962 293 2982 vel
303 2966 386 2986 proin-2
401 2960 428 2981 G,-
442 2965 469 2978 ex
479 2964 561 2983 proma
575 2958 606 2981 .V,·
621 2959 668 2977 eive
677 2963 760 2982 prom.:
775 2957 842 2976 deest:
856 2958 871 2975 C
912 2956 934 2981 4)
943 2957 983 2975 sit:
997 2956 1065 2975 deosf:

127 2988 189 3008 Godd.
200 2988 246 3008 coll.
316 2986 337 3010 5)
352 2987 386 3005 in:
402 2984 451 3005 011:
464 2984 531 3004 deest:
545 2983 586 3003 AM
653 2984 673 3007 6)
689 2984 759 3003 infra:
773 2981 865 3002 Act-'HM

127 3011 544 3064 ‘i'cffi‘ziim‘uibffiffissii’feffffff
558 3007 870 3060 ⁰10),3³-⁶5512‘33¹„¹3²3¹2}22'15

932 3007 965 3031 10)
976 3010 1064 3027 nostro:

926 3034 958 3058 13)
969 3034 1017 3054 vel:
1031 3033 1068 3053 ΟΠ

385 200 601 227 EXTRAVAG.
622 200 793 228 COMMUN.
812 201 878 227 LIB.
897 200 931 227 V.
950 201 1020 226 TIT.
1040 201 1086 226 IX.
1105 201 1140 226 X.
1159 201 1210 227 DE
1230 201 1439 227 SENTENTIA
1458 201 1628 227 EXCOMM.
1649 208 1672 227 c.
1694 208 1767 233 1ffl3.

932 2983 952 3005 7)
967 2984 1016 3001 ant:
1031 2981 1068 3001 011
1101 2983 1121 3006 ὃ)
1131 2984 1224 3001 extunc:
1241 2980 1271 3000 IN

1964 200 2031 226 1310

1094 279 1196 311 verbis,
1215 279 1364 313 quicquam
1383 279 1512 305 dederint
1531 283 1579 305 aut
1592 279 1748 313 receperint
1761 286 1893 311 magnum
1906 277 1950 304 vel
1968 286 2031 311 par-

1095 322 1169 346 vum,
1179 314 1222 339 vel
1237 314 1450 347 promissionem
1465 314 1500 339 de
1511 322 1677 347 quacunque
1688 322 1717 339 re
1727 317 1774 339 aut
1786 313 1904 338 utilitate
1915 316 2030 346 propter

1096 348 1147 373 lioc
1166 348 1366 382 consequenda
1384 348 1499 374 fecerint
1517 348 1561 373 vel
1579 348 1735 382 receperint
1754 356 1804 381 pro
1818 347 1910 380 aliqua
1929 346 2032 372 iustitia

1096 383 1153 408 sive
1164 382 1260 415 gratia,
1272 391 1322 416 pro
1333 391 1363 408 se
1374 387 1420 407 aut
1432 391 1481 416 pro
1492 382 1546 407 alio
1558 382 1584 407 in
1595 382 1685 408 causis
1699 382 1760 407 vel-²
1777 381 1885 407 iudiciis
1899 389 1948 407 seu
1961 380 2028 406 alias

1096 425 1145 449 per
1162 416 1256 442 literas
1275 416 1445 450 apostolicas
1461 421 1488 442 et
1507 417 1721 450 quibuscunque
1735 416 1825 441 modis
1845 415 1920 449 apud
1933 414 2032 440 sedem

1096 451 1279 484 apostolicam
1297 451 1459 476 obtinenda.
1496 451 1531 476 Et
1550 451 1621 476 hanc
1635 451 1803 476 sententiam
1817 450 1852 475 ad
1871 449 2032 484 promitten-

1097 489 1138 510 tes
1153 490 1180 510 et
1193 490 1382 518 acceptantes,
1401 485 1500 510 dantes
1514 489 1542 510 et
1555 485 1724 518 recipientes
1740 485 1868 510 duximus
1882 483 2033 510 extenden-

1097 519 1171 546 dam.
1212 519 1275 545 Illos
1299 527 1422 553 quoque,
1445 519 1491 552 qui
1514 519 1637 553 aliquem
1659 519 1788 544 sciverint
1811 518 1979 552 culpabilem
2005 517 2032 543 in

1097 553 1256 587 praedictis,
1273 558 1301 579 et
1319 553 1398 579 nobis
1413 554 1516 579 intrass‘
1535 553 1642 579 dierum
1663 553 1744 578 trium
1759 553 1880 587 spatium
1893 560 1948 578 non
1961 556 2034 577 retu-

1098 588 1187 619 lerint,
1205 587 1265 613 vel⁷
1288 587 1378 619 alicui,
1401 596 1451 621 per
1469 596 1553 621 quem
1571 587 1606 613 ad
1625 596 1676 613 nos
1694 587 1811 613 verbum
1834 587 1954 612 fideliter
1971 594 2033 620 per-

1097 622 1225 654 feraturS,
1248 622 1329 647 simili
1348 621 1541 648 decernimusf'
1563 623 1718 648 sententiae
1738 622 1892 647 subiacere.
1929 621 2032 647 Decer-

1097 656 1187 681 nimus
1205 656 1298 688 etiam,
1321 660 1350 681 ut
1368 656 1467 687 nullus,
1491 657 1561 682 hanc
1579 656 1720 682 incurrens
1739 654 2033 682 excommunicationis

1097 691 1274 722 sententiam,
1293 699 1343 724 pro
1362 690 1512 724 praedictis
1530 691 1574 716 vel
1591 690 1684 724 aliquo
1702 690 1908 724 praedictorum
1926 690 2035 723 absque

1097 725 1211 758 speciali
1228 725 1361 750 mandato
1379 726 1539 750 nostraeW·
1557 725 1739 750 absolutionis
1761 724 1929 750 beneficium
1942 723 2035 749 valeat

1097 759 1234 791 obtinere,
1252 759 1303 784 nisi
1323 759 1417 784 forsan
1430 759 1466 784 ad
1484 767 1535 784 nos
1549 759 1654 785 habere
1672 759 1845 784 accessumll
1859 766 1914 783 non
1928 762 2034 791 posset,

1097 793 1123 818 in
1141 794 1239 819 mortis
1257 793 1373 819 articulo
1392 793 1567 819 constitutus.
1609 794 1667 819 Nec
1689 793 1773 818 etiam
1795 792 1831 818 ad
1849 792 2033 818 absolutionis

1097 828 1214 860 gratiam
1233 827 1405 859 admittatur,
1424 827 1476 852 nisi
1494 828 1570 861 prius
1585 828 1748 860 quantum¹²
1766 827 1844 852 dedit
1857 827 1901 852 vel
1919 826 2034 860 recepit,

1098 862 1271 895 integraliter
1300 862 1469 895 pauperibus
1499 862 1639 895 largiatur.
1689 861 1823 887 Iustitiam
1852 869 1918 886 vero
1945 861 2003 886 sive
2011 861 2033 878 ¹³

1097 897 1215 929 gratiam
1230 896 1268 922 sic
1282 897 1426 922 obtentam
1438 896 1538 921 nullius
1550 904 1663 929 prorsus
1674 904 1738 921 esse
1748 895 1882 921 momenti
1896 895 2033 926 volumus,

1098 931 1231 964 omnique
1249 931 1396 956 statuimus
1410 938 1505 956 carere
1519 930 1620 956 effectu
1633 935 1661 956 et
1679 930 1780 955 robore
1795 929 1940 955 firmitatis.
1976 929 2034 955 Sed

1097 970 1125 991 et
1139 965 1259 990 scienter
1276 970 1386 990 utentes
1404 965 1472 998 ipsis
1486 965 1568 989 simili
1586 964 1725 990 sententia
1738 963 2033 990 excommunicationis

1097 999 1311 1032 adstringimus,
1341 1004 1368 1025 et
1393 1004 1569 1024 reservantes
1599 998 1680 1024 nobis
1705 998 1913 1024 absolutionem
1938 1006 2035 1023 eorum

1097 1042 1160 1059 cum
1178 1033 1339 1067 praemissis
1357 1033 1518 1059 omnibus14
1535 1033 1571 1059 ad
1589 1041 1696 1067 poenas
1714 1033 1819 1058 similes
1839 1032 1994 1066 obligamus
2002 1032 2034 1057 15¹.

1097 1067 1198 1103 [1295]

1509 1119 1583 1139 CAP.
1598 1119 1627 1139 11.

1097 1155 1229 1173 Praemissis
1252 1154 1340 1173 damnis
1363 1159 1391 1173 ex
1413 1153 1533 1172 interdicto
1556 1153 1742 1177 provenientibus
1760 1154 1843 1176 statuit,
1867 1152 1926 1177 qnod
1945 1154 2036 1177 propter

1098 1181 1213 1200 dominum
1228 1180 1304 1199 debita
1317 1185 1363 1199 non
1377 1179 1502 1199 solventem
1516 1180 1564 1198 eius
1578 1181 1638 1198 terra
1651 1179 1686 1198 vel
1702 1179 1780 1199 civitas
1795 1179 1843 1198 sine
1857 1179 1949 1203 speciali
1963 1179 2037 1203 Papae

1409 1205 1502 1224 licentia
1511 1210 1557 1224 non
1567 1205 1721 1224 interdicatur.

1506 1251 1624 1277 Ideml.

1166 1294 1285 1321 Provide
1297 1294 1486 1326 attendentes,
1500 1294 1584 1328 quod,
1597 1298 1627 1319 ut
1640 1293 1824 1328 frequentius,
1838 1294 1964 1328 quamvis
1977 1301 2033 1319 non

1099 1329 1158 1355 sine
1172 1337 1264 1361 causa,
1277 1330 1336 1355 sine
1350 1329 1432 1362 culpa
1445 1333 1539 1354 tamen
1552 1328 1711 1361 multorum,
1725 1328 1863 1354 interdicti
1877 1328 2033 1354 sententiae

1098 1363 1286 1398 proferuntur,
1309 1363 1443 1397 quodque
1462 1367 1525 1388 sunt
1547 1363 1672 1388 nonnulli
1689 1363 1794 1388 iudices
1814 1363 1894 1388 nimis
1912 1362 2035 1396 prompti

1097 1398 1134 1424 ad
1146 1397 1331 1432 proferendas
1345 1397 1470 1428 easdem,
1487 1397 1572 1423 etiam
1590 1397 1617 1422 in
1634 1397 1755 1430 negotiis
1770 1397 1828 1422 sive
1842 1397 1942 1428 causis,
1960 1405 2033 1430 quae

1097 1432 1237 1458 interdum
1255 1433 1316 1466 plus
1335 1440 1368 1457 ex
1386 1431 1556 1465 cupiditatis,
1575 1440 1659 1464 quarn
1678 1431 1799 1456 caritatis
1819 1431 1913 1456 radice
1927 1430 2033 1464 perspi-

1101 1467 1159 1492 cuis
1178 1467 1286 1492 iudiciis
1304 1466 1459 1500 procedere
1476 1470 1637 1499 arguuntur,
1656 1465 1790 1498 quodque
1811 1465 1950 1491 interdicti
1970 1470 2036 1490 tem-

1098 1509 1166 1535 pore
1180 1501 1272 1526 divina
1285 1509 1391 1534 organa
1403 1500 1612 1534 suspenduntur
1622 1504 1649 1525 et
1662 1499 1769 1531 laudes,
1783 1507 1834 1525 nec
1844 1499 2035 1525 ecclesiastica

1098 1540 1273 1561 sacramenta
1293 1535 1494 1566 ministrantur,
1517 1538 1546 1559 ut
1568 1534 1668 1566 solent,
1690 1534 1824 1559 tolluntur
1845 1533 1961 1559 mortuis
1984 1541 2034 1559 seu

1097 1570 1258 1595 minuuntur
1267 1569 1410 1602 suffragia,
1421 1568 1588 1602 praesertim
1598 1576 1648 1602 per
1658 1568 1830 1594 oblationem
1840 1567 2035 1602 frequentem²

1096 1605 1206 1630 hostiae
1227 1604 1369 1635 salutaris,
1395 1603 1589 1629 adolescentes
1616 1607 1643 1628 et
1669 1603 1790 1636 parvuli,
1816 1602 2035 1636 participantes3

1097 1639 1184 1664 rarius
1199 1643 1382 1669 sacramenta,
1395 1637 1487 1663 minus
1501 1637 1707 1662 inflammantur
1720 1642 1748 1663 et
1762 1637 1916 1662 solidantur
1929 1637 1956 1662 in
1969 1636 2034 1668 fide,

1097 1673 1222 1699 fidelium
1236 1672 1355 1706 tepescit
1369 1672 1490 1703 devotio,
1504 1672 1635 1697 haereses
1650 1671 1795 1704 pullulant,
1809 1676 1836 1697 et
1849 1671 2034 1704 multiplican-

1097 1711 1141 1732 tur
1154 1707 1278 1741 pericula
1290 1707 1457 1732 animarum:
1471 1706 1626 1739 praesentis
1637 1705 1843 1731 constitutionis
1854 1705 2034 1738 providemus

1099 1742 1200 1773 edicto,
1226 1746 1255 1766 ut
1280 1741 1355 1766 nulla
1379 1740 1531 1774 provincia,
1556 1740 1662 1771 civitas,
1687 1744 1819 1771 castrum,
1843 1740 1917 1771 villa,
1947 1740 2034 1771 locus,

1098 1776 1269 1802 territorium
1287 1776 1331 1801 vel
1349 1774 1491 1800 districtus
1509 1775 1675 1800 auctoritate
1688 1773 1828 1799 ordinaria
1840 1774 1885 1799 vel
1903 1773 2035 1807 delegata

1099 1814 1276 1844 supponatur
1297 1809 1487 1835 ecclesiastico
1505 1808 1653 1834 interdicto
1675 1816 1725 1842 pro
1747 1808 1907 1842 pecuniario
1930 1807 2036 1840 debito,

1098 1846 1143 1870 vel
1160 1852 1211 1878 pro
1229 1843 1350 1869 cuiusvis
1369 1848 1500 1869 monetae
1517 1843 1563 1868 vel
1580 1843 1716 1876 pecuniae
1735 1842 1899 1876 quantitate,
1914 1850 2035 1875 quacun-

1099 1880 1189 1912 que4*
1210 1878 1357 1904 occasione
1374 1877 1418 1903 vel
1435 1885 1520 1902 causa
1537 1885 1586 1902 seu
1604 1877 1702 1910 quovis
1722 1877 1849 1910 quaesito
1863 1877 1966 1908 colore,
1984 1884 2035 1910 pro

1099 1921 1133 1939 eo
1151 1913 1280 1944 maxime,
1303 1912 1380 1946 quod
1397 1911 1522 1945 ipsorum
1540 1911 1654 1943 domini,
1676 1916 1797 1937 rectores
1820 1919 1869 1936 seu
1889 1910 2033 1943 officiales,

1100 1955 1268 1981 quocunque
1281 1947 1393 1972 nomine
1407 1950 1582 1977 censeantur,
1600 1950 1647 1970 aut
1665 1945 1774 1971 incolae
1787 1953 1837 1971 seu
1849 1945 2034 1977 habitatores,

1099 1986 1146 2007 aut
1167 1981 1323 2014 singulares
1345 1988 1483 2014 personae
1505 1980 1640 2013 ipsorum,
1666 1980 1776 2005 statutis
1801 1979 1846 2005 vel
1867 1979 2035 2011 statuendis,

1100 2016 1234 2041 ordinatis
1255 2015 1301 2040 vel
1323 2014 1485 2040 ordinandis
1507 2014 1632 2039 terminis
1655 2013 1814 2039 huiusmodi
1837 2013 1963 2039 debiturn
1984 2021 2035 2039 seu

1100 2050 1285 2084 quantitatem
1298 2058 1354 2075 non
1374 2049 1517 2074 solverunt
1530 2048 1674 2079 hactenus,
1687 2048 1752 2073 auts‘
1769 2048 1795 2072 in
1809 2052 1891 2073 antea
1903 2055 1959 2073 non
1972 2056 2035 2081 per-

1099 2085 1218 2110 solvent.
1254 2084 1312 2109 Nos
1330 2083 1403 2109 enim
1422 2082 1546 2108 exnuncG
1568 2081 1744 2108 decernimus
1766 2082 1872 2107 irritum
1894 2086 1922 2107 et
1943 2081 2035 2114 inane,

1100 2119 1122 2144 si
1136 2126 1217 2144 secus
1230 2118 1365 2144 hactenus
1379 2116 1483 2143 exstitit
1495 2121 1671 2148 attentatum,
1682 2116 1727 2142 vel
1736 2116 1884 2149 contigerit
1894 2116 2034 2148 attentari,

1100 2153 1224 2186 illudque
1242 2160 1406 2178 revocamus
1420 2151 1542 2183 omnino,
1561 2159 1617 2176 non
1629 2150 1807 2176 obstantibus
1821 2150 2034 2184 quibuscunque

1100 2187 1299 2219 contractibus,
1321 2185 1548 2219 obligationibus,
1571 2185 1669 2218 pactis,
1691 2185 1934 2216 conventionibus,
1959 2193 2034 2210 com-

1101 2221 1296 2255 positionibus,
1318 2219 1562 2251 submissionibus,
1584 2219 1822 2251 fideiussionibus,
1841 2219 2033 2251 consensibus,

1101 2255 1280 2290 processibus
1302 2259 1330 2281 et
1354 2254 1499 2280 sententiis
1521 2261 1605 2287 super
1624 2253 1678 2280 hoc
1698 2253 1800 2279 habitis
1822 2253 1867 2279 vel
1888 2253 2036 2285 habendis,

1101 2291 1327 2322 iuramentorum,
1345 2296 1500 2323 poenarum
1513 2288 1697 2322 spiritualium
1710 2288 1753 2314 et⁷
1768 2287 1972 2322 temporalium,
1986 2295 2036 2313 seu

1101 2324 1266 2350 muletarum
1283 2323 1505 2357 appositione⁵·,
1523 2322 1567 2348 vel
1584 2330 1751 2355 quacunque
1765 2322 1819 2348 alia
1836 2322 1965 2348 firmitate
1978 2322 2034 2347 val-

1100 2359 1175 2389 latis3
1194 2359 1246 2384 nisi
1260 2359 1322 2384 talis
1335 2357 1492 2392 suppositio
1507 2356 1646 2382 interdicti
1659 2357 1794 2382 hactenus
1808 2357 1879 2382 foret
1893 2355 1975 2388 facta,
1988 2355 2033 2381 vel

1101 2393 1128 2418 in
1144 2397 1228 2419 antea
1245 2392 1323 2418 fieret
1341 2392 1376 2418 de
1393 2400 1409 2417 a
1432 2391 1565 2417 ostolicae
1583 2390 1658 2416 sedis
1676 2391 1791 2425 speciali
1808 2390 1928 2422 licentia,
1947 2395 1975 2416 et
1988 2399 2034 2416 ex-

1100 2435 1198 2462 pressa
1210 2434 1261 2461 per
1273 2426 1360 2460 ipsius
1374 2434 1405 2452 se
1428 2427 1450 2452 is
1463 2430 1594 2459 patentes
1607 2425 1701 2451 literas
1715 2429 1878 2459 apparente.
1898 2423 2017 2459 [1302.]9

1504 2495 1521 2515 C
1528 2495 1578 2514 ΑΡ.
1593 2495 1632 2514 111.

1099 2531 1252 2550 Andronicum
1271 2530 1436 2554 palaeologum,
1457 2535 1480 2548 se
1498 2530 1656 2553 imperatorem
1676 2528 1812 2548 Graecorum
1831 2528 1993 2551 nominantem,
2013 2528 2035 2546 et

1099 2557 1196 2576 haeresis
1211 2557 1308 2580 ipsorum
1329 2556 1446 2578 fautorem,
1462 2556 1678 2574 excommunicatum
1698 2555 1826 2577 denunciat,
1846 2559 1966 2577 omnesque
1985 2559 2035 2572 cnm

1099 2589 1125 2601 eo
1140 2583 1171 2601 sic
1186 2584 1291 2602 manente
1305 2582 1434 2601 societatem
1449 2582 1607 2600 contrahentes
1622 2581 1669 2604 ipso
1685 2581 1741 2599 sacto
1757 2580 1811 2599 dicit
1821 2580 2034 2602 excommunicatos,

1099 2611 1120 2627 et
1135 2614 1212 2627 eorum
1227 2610 1297 2627 terras
1313 2608 1465 2627 eeclesiastico
1480 2606 1636 2631 supponendas
1655 2606 1782 2625 interdicto.
1814 2605 1914 2629 Suntque
1933 2605 2035 2629 privandi

1098 2635 1170 2657 bonis,
1182 2640 1238 2658 quae
1248 2634 1276 2653 ab
1287 2634 1382 2653 ecclesia
1396 2635 1479 2655 tenent,
1495 2635 1517 2651 et
1528 2633 1578 2651 tulis
1588 2632 1684 2650 societas
1694 2636 1733 2650 seu
1744 2631 1911 2650 confoederatio
1922 2631 1984 2650 nulla
1994 2632 2034 2650 est.

1218 2660 1281 2679 Facit
1291 2665 1338 2684 cap.
1349 2659 1384 2678 Ad
1394 2659 1529 2683 apostolicae
1540 2659 1567 2677 (lo
1577 2659 1673 2677 sentent.
1684 2659 1740 2676 etro
1750 2657 1805 2676 indl.
1816 2657 1866 2676 libr.
1878 2657 1916 2677 Vl.

1466 2705 1622 2731 Clemens
1641 2703 1676 2729 V.

1167 2748 1213 2774 Ad
1230 2748 1425 2775 certitudinem
1443 2748 1633 2781 praesentium
1650 2749 1678 2772 et
1695 2744 1859 2771 memoriam
1880 2745 2036 2772 futurorum

1099 2783 1292 2809 Andronicum
1309 2783 1518 2816 palaeologum,
1535 2781 1582 2815 qui
1601 2781 1773 2807 Graecorum
1790 2780 1988 2814 imperatorem
2005 2788 2036 2807 se

1101 2904 1133 2929 14)
1144 2903 1168 2924 in
1178 2909 1250 2923 omn.:
1265 2902 1333 2923 00111’
1383 2902 1416 2924 15)
1427 2902 1476 2922 Kal.
1487 2903 1542 2922 Dec.
1552 2902 1593 2921 Ao.
1603 2901 1644 2920 11.:
1660 2900 1683 2920 Μ

1152 2930 1212 2955 Cap.
1227 2930 1254 2949 11.
1291 2930 1311 2953 1)
1322 2927 1469 2950 CEGfflMM’:
1487 2938 1513 2942 —-
1533 2927 1627 2947 meumst
1637 2933 1671 2946 nv.
1681 2927 1752 2947 25155.

1100 2956 1120 2980 3)
1131 2957 1291 2981 percipientes:
1308 2954 1363 2974 (illiv
1439 2954 1460 2975 4)
1475 2954 1516 2974 sub
1529 2959 1604 2978 quam:
1619 2953 1680 2973 Codri.
1691 2953 1738 2972 coll.

1343 2980 1364 3005 Τ)
1373 2986 1423 3000 seui
1437 2979 1472 2999 CII
1543 2979 1564 3004 ὅ)
1574 2985 1636 3004 app.:
1649 2979 1719 2999 dces-t:
1733 2977 1794 2999 codd.
1804 2983 1827 2998 co
1837 2978 1850 2998 l.

1817 2926 1837 2951 Ξ)
1852 2928 1992 2951 sequentem:
2007 2925 2040 2947 ΟΕ

1821 2953 1833 2972 5
1856 2958 1893 2972 ae:
1908 2952 1949 2974 00':
1963 2953 2010 2973 vel:
2025 2953 2037 2972 1

1100 3008 1110 3027 Ι
1160 3009 1178 3027 A
1198 3007 1250 3028 vm
1917 2978 1938 3003 9)
1948 2979 1975 2998 Il.
1986 2979 2036 2999 Kal.

1112 3013 1149 3027 un.
1181 3022 1186 3027 .
1252 3021 1256 3026 .
