2243 3288
147 217 212 245 1161

473 298 699 327 TITULUS
726 299 761 327 V.

317 364 373 390 DE
391 365 542 391 RERUM
561 365 916 392 PERMUTATIONE.

547 452 590 472 CA
596 453 621 471 Ρ.
637 453 656 472 U
663 454 689 472 N.

147 484 244 504 Collatio
263 485 290 504 de
310 485 432 509 benefiviis,
449 492 516 506 cansa
535 487 706 511 permutationis
725 487 864 510 vacantibus,
880 487 939 506 faeta
953 488 1004 507 aliis
1023 494 1088 513 quain

329 513 515 538 put-mutantibus,
526 519 572 532 non
582 515 650 533 tenet.
678 514 707 532 11.
718 513 739 532 d.
749 513 828 532 Ioann.
839 512 909 532 Andr.

286 570 440 597 Clemens
459 572 494 598 V.
514 572 545 598 in
564 572 711 598 concilio
731 571 945 598 Viennensil.

214 618 256 643 Ne
274 619 457 645 concessione
474 619 541 645 iuris
559 620 702 646 utentibus
724 619 890 653 praesertim
914 620 986 646 circa
1007 621 1087 655 spiri-

147 651 232 677 tualia
253 652 393 685 illudatur,
412 654 433 678 si
453 656 542 687 qua2'*
559 654 705 686 beneficia,
720 662 754 679 ex
771 662 855 679 causa
872 656 1086 688 permutationis

146 686 182 711 ab
195 686 335 720 aliquibus
347 688 497 721 resignata,
508 689 568 715 aliis
580 697 664 723 quam
677 688 745 722 ipsis
756 694 916 721 permutare
927 690 1085 716 volentibus

145 720 336 748 conferantur:
350 722 450 749 nullius
464 724 517 750 hoc
531 732 594 750 esse
607 724 735 749 volumus
749 723 897 749 firmitatis.

463 856 690 884 TITULUS
714 856 764 883 VI.

144 919 197 944 DE
217 920 497 948 TESTAMENTIS
517 923 567 947 ET
586 923 747 948 ULTIMIs·
763 922 1084 948 VOLUNTATIBUS.

544 1009 617 1029 CAP.
635 1010 685 1029 ΗΧ.

143 1041 275 1061 ordinarius
285 1042 329 1061 loci
340 1043 450 1062 rationein
462 1043 531 1067 exigit
541 1050 554 1062 a
564 1045 682 1069 religiosis,
694 1045 760 1064 etiam
777 1044 892 1068 exemptis,
904 1044 932 1063 de
941 1045 1085 1063 testamento-

144 1072 192 1086 rum
207 1069 396 1094 exsecutionibus,
408 1075 462 1093 quas
477 1072 601 1094 gesseruut,
612 1072 640 1094 et,
651 1071 670 1089 si
686 1071 746 1090 eirca
760 1071 782 1089 id
798 1071 941 1094 deliquerint,
954 1070 1004 1089 illos
1014 1070 1085 1094 punit.

293 1128 447 1155 Clemens
467 1130 500 1155 V.
520 1130 553 1155 in
573 1130 721 1156 concilio
741 1130 938 1156 Viennensi.

212 1175 372 1208 Religiosis,
390 1177 475 1202 etiam
493 1177 640 1211 exemptis,
659 1177 801 1212 deputatis
820 1177 856 1202 ad
874 1177 1084 1203 exsecutionem

143 1209 292 1235 cuiuslibet
309 1210 423 1237 ultimae
440 1212 602 1244 voluntatis,
619 1212 692 1238 circa
709 1212 796 1246 ipsius
815 1212 1003 1238 exsecutionis
1023 1211 1083 1250 offi-

143 1243 225 1276 cium,
239 1245 327 1278 (quod
347 1246 442 1279 utique
460 1254 515 1271 non
533 1251 661 1280 possunt,
675 1247 727 1272 nisi
740 1255 756 1272 a
770 1247 915 1280 superiore
930 1255 981 1271 suo
995 1251 1083 1280 petlta

141 1286 227 1312 super
243 1279 298 1304 hoc
316 1280 427 1305 licentia
440 1285 467 1306 et
486 1281 610 1313 obtenta,
625 1281 787 1315 suscipere,)
801 1281 928 1306 volentes
942 1281 1082 1314 praescin-

142 1312 227 1339 derel
240 1314 386 1339 materiam
400 1314 591 1348 delinquendi,
602 1316 757 1349 praesentis
768 1315 974 1341 constitutionis
988 1319 1082 1341 aucto-

140 1347 224 1373 ritate
241 1349 397 1381 statuimus,
412 1349 488 1382 quod
508 1350 586 1382 tales,
605 1350 715 1376 etiamsi
733 1350 914 1384 praelationis
933 1349 1083 1382 fungantur

143 1382 244 1413 officio,
256 1383 381 1408 locorum
392 1384 537 1409 ordinariis
549 1384 675 1410 debitam
686 1384 815 1416 reddere,
825 1384 936 1418 ipsique
950 1384 1082 1410 ordinarii

141 1416 177 1442 ab
191 1416 299 1442 eisdem
312 1418 421 1451 absque
435 1418 509 1451 dolo,
523 1418 621 1445 fraude
635 1428 685 1445 seu
698 1419 870 1452 negligentia
883 1419 919 1445 de
933 1424 1082 1453 susceptae

142 1451 328 1476 exsecutionis
347 1452 439 1478 officio
458 1458 606 1479 teneantur
627 1454 742 1487 exigere
759 1453 906 1485 rationem,
924 1454 996 1486 illos,
1010 1462 1081 1487 quos

141 1485 214 1510 circa
231 1485 259 1511 id
277 1486 431 1520 deliquisse
450 1488 614 1521 repererint,
628 1488 655 1513 in
673 1488 791 1513 aliorum
808 1489 968 1521 exemplum
989 1497 1081 1523 poena

143 1520 247 1553 debita,
262 1528 432 1555 quocunque
445 1530 500 1548 non
514 1522 645 1548 obstante
659 1523 816 1556 privilegio,
829 1523 960 1556 punituri.

455 1654 678 1683 TITULUS
705 1654 769 1682 VH.

428 1720 484 1746 DE
517 1721 794 1747 SEPULTURIS.

558 1808 631 1827 CAP.
646 1809 664 1827 Ι.

139 1841 335 1860 Exeommuuicati
346 1842 396 1860 sunt
408 1842 474 1861 etiam
485 1843 590 1866 exempti,
602 1843 639 1866 qui
650 1843 673 1861 in
684 1842 772 1862 casibus
782 1848 827 1862 non
838 1843 953 1866 permissis
963 1843 1081 1862 defunctos

138 1867 250 1890 sepeliunt
264 1868 286 1886 iu
301 1868 443 1886 coemeteriis
458 1870 557 1892 tempore
572 1869 693 1892 interdicti,
703 1869 739 1888 vel
754 1869 791 1892 qui
806 1869 904 1887 scienter
917 1869 1029 1892 sepeliunt
1043 1874 1080 1887 ex-

139 1893 317 1912 communicatos
336 1893 431 1917 publice,
447 1895 581 1913 nominatim
601 1895 739 1939 intergictos,
755 1895 791 1914 vel
811 1895 941 1914 manifestos
958 1895 1079 1914 usurarios.

530 1921 610 1939 Ioann.
620 1921 655 1939 An
673 1927 690 1940 r.

281 1978 437 2005 Clemens
456 1980 490 2005 V.
511 1979 542 2005 in
561 1980 708 2006 concilio
727 1980 940 2006 Viennensi1.

208 2026 278 2058 Eos,
308 2026 353 2059 qui
383 2026 513 2060 propriae
542 2027 707 2053 temeritatis
736 2027 854 2053 audacia
883 2027 1079 2053 defunctorum

138 2069 265 2094 corpora,
283 2069 339 2086 non
357 2060 417 2086 sine
431 2066 595 2095 contemptu
617 2062 735 2087 clavium
753 2062 899 2093 ecclesiae,
921 2063 949 2087 in
968 2070 1077 2088 coeme-

138 2096 214 2121 teriis
228 2095 368 2121 interdicti
382 2100 520 2129 tempore,
534 2096 562 2121 in
575 2096 685 2122 casibus
699 2105 755 2121 non
768 2096 910 2122 concessis
923 2105 940 2122 a
953 2096 1020 2130 iure,
1034 2097 1078 2123 vel

137 2130 392 2156 excommunicatos
418 2130 544 2163 publice,
569 2135 616 2156 aut
641 2131 804 2156 nominatim
829 2131 1007 2163 interdictos,
1031 2132 1076 2157 vel

137 2165 277 2190 usurarios
292 2164 456 2190 manifestos
471 2164 592 2191 scienter
609 2165 729 2199 sepelire
742 2170 933 2199 praesumunt,
951 2165 1076 2192 decerni-

136 2199 215 2225 mus²
234 2199 294 2233 ipso
312 2199 385 2224 facto
404 2200 699 2225 excommunicationis
717 2200 873 2226 sententiae
892 2200 1047 2233 subiacere,
1060 2210 1077 2226 a

137 2242 193 2268 qua
214 2234 371 2259 nullatenus
394 2234 585 2266 absolvantur,
606 2234 659 2259 nisi
680 2235 757 2268 prius
779 2234 816 2260 ad
837 2234 982 2260 arbitrium
1000 2235 1077 2261 dioe-

136 2269 231 2294 cesani
256 2268 382 2302 episcopi
408 2268 463 2301 εἰς,
489 2269 590 2302 quibus
616 2277 666 2302 per
690 2270 846 2303 praemissa
871 2268 953 2295 fuerit
977 2269 1077 2296 iniuria

136 2304 268 2336 irrogata,
286 2303 510 2328 satisfactionem
523 2303 698 2329 exhibuerint
711 2308 928 2337 competentem,
947 2304 1021 2329 nullo
1036 2304 1075 2330 eis

136 2338 210 2364 circa
238 2337 395 2371 praemissa
423 2337 608 2371 exemptionis
632 2338 678 2364 vel
707 2338 806 2372 quovis
836 2338 890 2364 alio
919 2338 1076 2372 privilegio,

136 2373 188 2398 sub
208 2380 374 2406 quacunque
396 2371 486 2398 forma
503 2372 654 2398 verborum
677 2380 822 2405 concesso,
844 2372 1002 2406 aliqualiter
1020 2373 1075 2399 suf-

135 2407 272 2440 fragante.

550 2467 623 2487 CAP.
638 2468 667 2487 11.

134 2504 196 2526 Pars,
208 2508 264 2527 quae
274 2502 363 2521 titulum
374 2502 472 2525 respicit,
483 2502 525 2521 hoe
536 2503 644 2521 intendit:
663 2502 835 2522 Praedicatores
846 2505 867 2522 et
878 2503 976 2522 Minores
986 2504 1076 2523 inlunis

133 2530 180 2549 suis
198 2529 269 2548 libere
279 2528 390 2552 sepeliunt
400 2528 457 2551 illOS,
468 2529 505 2552 qui
515 2529 557 2547 hoc
570 2528 642 2547 libere
658 2529 777 2552 elegerint:
797 2529 824 2547 du
839 2529 978 2548 funeralibus
992 2532 1075 2553 tamen,

134 2558 156 2576 et
170 2555 338 2580 quibuscunque
353 2554 527 2573 obventionibus
542 2556 563 2573 et
578 2555 670 2577 relictis,
685 2555 752 2574 etiam
771 2555 798 2573 de
813 2555 892 2578 quibus
911 2555 966 2574 alias
982 2556 1076 2575 debetur

190 2581 306 2605 canonica,
318 2582 419 2604 quartam
430 2581 451 2599 et
461 2585 506 2599 non
517 2581 576 2599 ultra
585 2580 674 2599 solvent
684 2581 794 2600 eeclesiae
805 2581 934 2606 parochiali.
963 2581 990 2600 H.
1002 2581 1022 2600 d.

526 2606 605 2625 Ioanu.
616 2607 686 2625 Andr.

462 2665 551 2691 Idem
570 2666 601 2691 in
621 2665 746 2692 eodem.

202 2714 317 2740 Dudum
339 2721 355 2739 a
375 2713 519 2738 Bonifacio
542 2714 618 2747 Papa
639 2714 711 2739 VIII.
733 2713 953 2748 praedecessore
977 2718 1073 2740 nostro

134 2749 205 2775 infra
222 2749 325 2783 scripta
347 2748 424 2774 edita
447 2748 590 2781 decretali,
611 2748 781 2775 Benedictus
799 2749 874 2783 Papa
891 2749 938 2775 XI.
955 2749 1073 2783 praede-

184 2863 238 2882 Tit.
252 2863 279 2882 V.
308 2862 369 2886 Cap.
385 2867 422 2881 un.
450 2861 500 2885 1)in
507 2861 631 2881 C.Vienn.:
642 2860 709 2881 deest.-
719 2861 752 2880 Fcr'
779 2861 799 2885 2)
806 2867 859 2886 qua:
870 2861 939 2881 deest:
948 2860 1073 2882 ABDEFGH

185 2889 238 2908 Tit.
252 2889 289 2908 VI.
318 2888 379 2912 Cap.
394 2894 431 2907 un.
460 2888 479 2911 1)
490 2887 644 2911 praeseidoro:
655 2887 690 2906 AB

184 2915 238 2934 Tit.
252 2915 301 2934 VH.
335 2914 395 2937 Cap.
410 2914 427 2933 Ι.
464 2914 483 2938 1)
498 2914 560 2933 Idem
576 2914 599 2932 in
613 2913 706 2933 eodeni:
719 2912 749 2936 A,-
768 2914 791 2932 in
806 2913 830 2933 C.
842 2914 935 2934 Vicum:
953 2914 1022 2933 dccst:
1040 2913 1077 2933 DF

133 2940 154 2964 2)
165 2941 317 2960 decrevimus:
333 2939 386 2959 ABE
1005 2966 1008 2970 .
1056 2966 1060 2970 .

184 2966 246 2990 Cap.
262 2967 290 2985 11.
319 2966 338 2990 1)
349 2968 436 2985 actore:
451 2964 554 2984 ACE'FGII
603 2965 625 2989 2)
637 2965 692 2983 Imm
703 2965 733 2983 ts!
747 2965 796 2984 hate
806 2965 870 2984 Bulla
882 2976 904 2979 -
914 2971 968 2990 quac
978 2966 1041 2985 rtatim
1051 2972 1074 2985 m

133 2992 242 3016 Εείιάιγιῃ.
253 2998 325 3011 comm.
336 2998 354 3011 c.
367 2994 385 3011 1.
396 2992 424 3016 (3,
435 2991 464 3015 ti.)
479 2992 581 3016 rcpcrilm·
596 3002 619 3005 —
634 2990 702 3010 Lctlcr.
714 2992 762 3010 ΧΠ.
779 2991 824 3010 Καί.
840 2991 903 3010 Mure.
914 2991 937 3010 A.
948 2992 987 3011 VI.
997 2991 1074 3016 (1300.)

132 3017 226 3038 Potfflast
239 3024 274 3037 no.
284 3019 355 3037 24913.
371 3028 395 3031 —
409 3017 477 3037 astat
491 3023 525 3041 ιψ.
540 3017 641 3041 Liljcyrtn
656 3017 739 3035 Surcnslr
753 3017 802 3041 dipl.
818 3017 846 3041 Π,
861 3018 879 3041 2,
889 3018 934 3036 312.
951 3027 973 3030 -·
988 3018 1009 3035 in
1026 3017 1073 3037 Cod.

132 3043 214 3063 Monac.
225 3044 270 3063 329.
290 3055 314 3058 —
333 3049 346 3062 a
357 3050 387 3062 mn
397 3043 410 3062 Ι
419 3044 514 3067 siqnutns
525 3043 562 3062 cst.
582 3054 605 3057 —
624 3043 692 3062 dccst:
706 3043 734 3061 A:
748 3043 816 3062 Istam
831 3044 891 3067 prius
905 3043 994 3062 vidistis
1005 3046 1026 3062 et
1036 3044 1073 3063 ha-

133 3069 212 3090 buistis
232 3080 256 3084 --
275 3070 312 3090 scd
329 3071 350 3089 in
367 3069 435 3090 codem
452 3069 498 3090 Cod.
518 3069 564 3094 post
578 3069 719 3089 elcancutnms
739 3070 844 3094 rsperilur
862 3080 886 3083 —
904 3068 934 3089 B:
952 3071 1018 3095 prout
1037 3075 1073 3089 cx-

526 218 851 245 CLEMENTINARUM
870 219 936 246 Llss.
954 220 1000 246 111.
1018 220 1088 247 TIT.
1109 222 1150 247 N&
1170 222 1227 248 VII.
1246 222 1298 248 DE
1317 223 1554 251 SEPULTURIS.
1575 234 1596 251 c.
1621 234 1640 251 1.
1662 235 1685 252 2.

1999 228 2065 254 1162

1125 307 1221 325 cessor
1238 304 1334 326 noster
1350 301 1433 328 aliam
1450 302 1522 328 illius
1544 303 1748 330 revocatoriam
1769 304 1966 338 promulgavit,
1989 313 2062 339 quae

1125 334 1199 367 quia,
1218 339 1248 360 ut
1265 336 1395 369 probavit
1412 336 1538 370 effectus,
1560 338 1665 364 nedum
1682 339 1759 372 pacis
1777 339 1813 365 ab
1831 341 1961 366 auctorel
1974 340 2062 374 ipsius

1126 374 1255 402 speratae
1269 370 1389 396 fructum
1401 379 1457 397 non
1471 373 1571 405 attulit,
1586 373 1652 406 quin
1666 373 1750 399 imino
1763 374 1929 406 discordiae,
1943 383 1993 407 pro
2008 383 2063 408 qua

1125 403 1251 429 sedanda
1267 410 1454 438 processerat,
1476 406 1631 433 fomentum
1651 415 1707 433 non
1724 408 1866 434 modicum
1887 409 2063 441 ministravit,

1125 446 1190 469 nos,
1215 446 1277 464 eam
1302 440 1415 465 omnino
1438 446 1596 474 cassantes,
1621 442 1704 467 aliam
1729 451 1745 468 a
1769 443 1895 476 praefato
1918 443 2061 470 Bonifacio

1127 472 1232 498 editam
1257 481 1336 499 sacro
1358 474 1481 501 instante
1502 480 1531 501 et
1551 477 1727 509 approbante
1749 477 1865 503 concilio
1888 478 2062 511 innovamus,

1125 506 1304 534 subiicientes
1318 512 1445 535 tenorem
1458 509 1541 542 illius,
1556 511 1603 544 qui
1617 510 1791 544 dignoscitur
1804 520 1868 538 esse
1881 512 1957 538 talis:

1191 542 1374 574 „Bonifacius
1393 544 1543 578 episcopus
1562 553 1659 570 servus
1678 553 1822 572 servorum
1835 546 1889 573 Dei
1907 547 1944 572 ad
1961 555 2061 582 perpe-

1125 579 1201 601 tuam
1214 576 1253 602 rei
1266 578 1456 604 memoriam&

1191 611 1282 644 Super
1294 612 1457 638 cathedram
1474 613 1712 646 praeeminentiae
1727 615 1876 648 pastoralis
1895 615 1988 641 divina
2006 616 2060 642 dis-

1123 650 1246 677 ponente
1260 646 1424 672 clementia³
1442 648 1595 680 constituti,
1614 649 1667 673 etsi
1680 649 1774 674 multis
1789 654 1815 675 et
1829 650 1934 682 arduis,
1948 658 2020 684 quae
2034 651 2062 676 in

1121 679 1246 712 amplum
1262 681 1407 707 Romanae
1425 682 1517 708 curiae
1539 682 1650 708 alveum
1672 683 1796 717 undique
1820 685 1961 710 confluunt
1980 685 2060 718 quasi

1122 717 1240 745 torrens,
1253 723 1472 748 praegravemur
1490 716 1620 749 negotiis,
1638 718 1710 743 curis
1730 718 1882 744 excitemur
1900 719 2060 751 innumeris,

1122 749 1337 781 cogitationibus
1364 750 1489 783 plurimis
1516 751 1714 777 distrahamur:
1740 753 1813 778 circa
1835 753 1863 778 id
1888 758 1981 779 tamen
2006 754 2059 780 fer-

1121 782 1250 808 ventibus
1264 784 1336 809 votis
1351 784 1531 817 intendimus,
1545 793 1677 811 vacamus
1691 786 1849 818 instantius,
1862 788 1910 813 acl
1924 796 2060 822 operosae

1121 817 1245 843 studium
1270 818 1463 845 sollicitudinis
1488 819 1676 853 impertimur,
1705 826 1735 846 ut
1763 821 1800 846 ad
1825 822 1909 847 divini
1938 823 2059 848 nominis

1121 851 1249 884 gloriam,
1263 853 1462 879 exaltationem
1473 854 1626 880 catholicae
1637 854 1711 887 fidei,
1725 860 1753 881 et
1766 856 1923 889 profectum
1933 857 2059 883 fidelium

1120 885 1287 919 animarum,
1317 888 1461 920 (praecisis
1486 888 1620 914 radicitus
1645 889 1826 915 dissidiorum
1855 891 2000 924 vepribus,
2031 896 2059 917 et

1120 919 1273 953 litigiorum
1286 922 1457 948 anfractibus
1476 923 1588 948 omnino
1602 923 1767 956 subductis)
1786 924 1856 950 inter
1877 925 2059 952 ecclesiarum

1120 955 1260 981 antistites
1277 956 1313 981 ad
1336 965 1430 982 curam
1448 961 1476 982 et
1493 957 1619 990 regimen
1637 958 1732 991 gregis
1750 958 1881 984 dominici
1899 959 2059 993 deputatos,

1121 993 1286 1023 ceterasque
1310 999 1456 1025 personas,
1482 1000 1551 1025 quas
1576 992 1646 1017 ordo
1672 992 1806 1018 clericalis
1831 993 1955 1026 includit,
1980 995 2058 1028 pacis

1120 1024 1305 1057 tranquillitas
1329 1025 1433 1059 vigeat,
1458 1025 1551 1051 fervor
1576 1026 1698 1052 caritatis
1723 1031 1881 1060 exaestuet,
1906 1028 2059 1055 invalescat

1120 1058 1288 1085 concordiae
1299 1059 1399 1092 unitas,
1413 1060 1569 1086 animorum
1579 1060 1730 1087 identitasf’
1743 1066 1913 1095 perseveret.
1950 1064 2058 1090 Scimus

1120 1092 1203 1125 enim,
1217 1098 1245 1119 et
1258 1102 1292 1119 ex
1305 1094 1447 1120 evidentia
1460 1094 1526 1120 facti
1539 1095 1704 1128 colligimus,
1719 1096 1796 1129 quod
1808 1104 1865 1122 non
1874 1097 1927 1122 nisi
1938 1098 1964 1123 in
1978 1098 2055 1132 pacis

1120 1131 1248 1161 tempore
1269 1128 1342 1154 bene
1365 1129 1465 1154 colitur
1486 1129 1563 1163 pacis
1585 1134 1691 1161 auctor,
1713 1138 1765 1156 nec
1787 1130 1956 1164 ignoramus,
1980 1133 2057 1166 quod

1119 1161 1310 1188 dissensiones
1324 1167 1352 1189 et
1370 1163 1502 1189 scandala
1518 1164 1612 1197 pravis
1629 1165 1738 1190 actibus
1756 1165 1863 1191 aditum
1880 1172 2057 1200 praeparant,

1118 1197 1268 1222 rancoresss
1292 1201 1320 1223 et
1345 1198 1410 1223 odia
1434 1198 1580 1230 suscitant,
1605 1198 1667 1224 et7‘
1689 1199 1789 1225 illicitis
1811 1200 1935 1226 moribus
1957 1210 2056 1227 ausum

1118 1231 1264 1264 praebent.
1300 1232 1345 1257 Ab
1369 1232 1436 1258 olim
1458 1232 1597 1266 siquidem
1619 1233 1690 1259 inter
1711 1234 1853 1267 praelatos
1875 1239 1903 1260 et
1924 1240 2057 1269 rectores,

1118 1273 1167 1290 seu
1191 1266 1353 1292 sacerdotes
1379 1275 1411 1292 ac
1436 1267 1552 1293 clericos
1577 1268 1778 1301 parochialium
1802 1269 1983 1296 ecclesiarum
2007 1279 2058 1304 per

1118 1299 1242 1325 diversas
1255 1301 1353 1326 mundi
1366 1301 1524 1334 provincias
1538 1303 1703 1328 constitutos
1717 1311 1751 1328 ex
1764 1311 1819 1329 una
1831 1308 1921 1337 parte,
1935 1309 1963 1330 et
1975 1306 2056 1331 Prae-

1117 1333 1274 1360 dicatorum
1296 1339 1323 1361 et
1345 1336 1484 1361 Minorum
1506 1336 1635 1362 ordinum
1656 1336 1757 1363 fratres
1779 1346 1813 1364 ex
1834 1338 1946 1371 altera&
1969 1340 2056 1373 (pacis

1116 1369 1236 1401 aemulo,
1262 1374 1356 1396 satore
1379 1370 1497 1396 zizaniae
1521 1372 1709 1404 procurante,)
1732 1372 1824 1404 gravis
1847 1377 1876 1398 et
1899 1373 2056 1407 periculosa

1117 1402 1258 1430 discordia
1278 1404 1384 1430 exstitit
1405 1405 1539 1431 suscitata
1556 1414 1641 1439 super
1658 1406 1912 1439 praedicationibus
1930 1408 2056 1434 fidelium

1115 1438 1228 1471 populis
1239 1438 1384 1470 faciendis,
1397 1448 1494 1465 eorum
1504 1439 1728 1466 confessionibus
1738 1441 1895 1473 audiendis,
1909 1443 2054 1476 poeniten-

1116 1471 1160 1497 tiis
1172 1472 1350 1506 iniungendis
1362 1474 1480 1505 eisdem,
1491 1475 1536 1500 et²⁹
1546 1475 1716 1500 tumulandis
1728 1475 1924 1502 defunctorum
1934 1478 2056 1511 corpori-

1117 1506 1178 1539 bus,
1194 1507 1241 1540 qui
1254 1508 1329 1541 apud
1342 1508 1459 1534 fratrum
1472 1509 1597 1542 ipsorum
1611 1509 1744 1535 ecclesias
1763 1510 1821 1536 sive
1828 1511 1850 1528 ω
1863 1511 1924 1536 loca
1936 1519 2054 1538 noscun-

1117 1546 1160 1566 tur
1173 1541 1278 1575 eligere
1291 1543 1473 1576 sepulturam.
1508 1544 1567 1569 Nos
1585 1548 1690 1575 autem,
1706 1544 1744 1578 pii
1762 1545 1848 1578 patris
1862 1553 1941 1571 more
1958 1546 2054 1572 lauda-

1116 1575 1164 1601 bili
1186 1576 1306 1603 moleste
1328 1577 1451 1603 ferentes
1472 1577 1652 1604 incommoda
1676 1578 1804 1611 filiorum,
1828 1580 1995 1606 reducentes
2017 1581 2055 1607 ad

1116 1615 1231 1636 exactae
1241 1611 1473 1638 considerationis
1480 1612 1503 1630 11
1514 1621 1640 1645 examen,
1650 1621 1682 1638 ac
1692 1613 1763 1639 infra
1774 1614 1895 1647 pectoris
1903 1615 1925 1632 12
1936 1615 2056 1642 claustra

1117 1644 1236 1671 sollicite
1248 1646 1436 1679 revolventes,
1455 1655 1539 1680 quam
1552 1648 1587 1673 sit
1600 1647 1684 1681 plena
1698 1648 1838 1682 periculis,
1857 1657 1941 1682 quam
1955 1654 2057 1676 onusta

1117 1679 1283 1713 dispendiis,
1298 1689 1439 1714 quamque
1453 1681 1480 1706 in
1494 1681 1604 1708 divinae
1616 1682 1771 1708 maiestatis
1789 1688 1941 1717 conspectu
1954 1684 2055 1711 redda-

1116 1717 1160 1738 tur
1177 1722 1262 1740 exosa
1280 1715 1420 1741 discordia
1441 1724 1526 1750 supra
1548 1716 1632 1748 dicta,
1654 1721 1682 1742 et
1704 1722 1856 1751 propterea
1877 1718 2056 1745 intendentes

1116 1752 1250 1782 paternae
1275 1750 1470 1776 sollicitudinis
1495 1751 1588 1776 studio
1614 1751 1688 1777 illam
1713 1760 1827 1785 prorsus
1856 1753 1991 1785 evellere,
2020 1762 2054 1780 ac

1116 1783 1278 1809 omnimode
1303 1784 1481 1817 submovere,
1505 1785 1587 1811 nullis
1613 1794 1737 1819 unquam
1758 1786 1856 1812 futuris
1879 1788 2053 1821 temporibus

1115 1817 1274 1844 faventem*
1290 1819 1413 1844 Domino
1435 1820 1635 1852 suscitandam,
1657 1820 1755 1854 grandi
1776 1829 1890 1855 quoque
1912 1822 2053 1848 desiderio

1115 1852 1270 1886 cupientes,
1289 1858 1318 1878 ut
1337 1853 1497 1880 huiusmodi
1514 1855 1669 1888 negotium,
1691 1855 1767 1889 quod
1789 1856 1934 1889 potissime
1953 1856 2055 1883 insidet

1115 1886 1193 1912 cordi
1210 1893 1315 1920 nostro,
1337 1888 1422 1914 finem
1439 1889 1581 1915 salubrem
1602 1894 1630 1915 et
1647 1890 1798 1915 celerem14
1814 1899 1865 1924 per
1881 1891 2055 1924 apostolicae

1117 1921 1249 1947 solertiae
1280 1922 1404 1948 studium
1435 1928 1638 1957 consequatur,
1668 1924 1795 1958 diligenti
1830 1933 1893 1950 cum
1922 1925 2054 1952 fratribus

1114 1956 1218 1981 nostris
1231 1956 1436 1983 deliberatione
1453 1959 1618 1992 praehabita
1631 1967 1717 1992 super
1733 1967 1777 1991 eo,
1795 1959 1832 1984 ad
1849 1960 1987 1986 honorem
1999 1961 2054 1987 Dei

1113 1990 1171 2016 etl5
1189 1991 1386 2017 exaltationem
1404 1993 1558 2018 catholicae
1575 1993 1651 2025 fidei,
1669 1993 1795 2026 quietum
1812 1998 1915 2020 statum
1931 1995 2053 2028 partium

1113 2025 1328 2058 praedictarum,
1350 2034 1383 2051 ac
1405 2027 1502 2052 salutis
1519 2027 1674 2053 animarum
1696 2027 1821 2053 fidelium
1839 2028 2050 2063 incrementum,

1115 2059 1150 2085 de
1164 2059 1289 2092 ipsorum
1302 2060 1419 2086 fratrum
1432 2061 1548 2087 consilio
1562 2062 1727 2087 auctoritate
1737 2062 1893 2096 apostolica
1902 2064 2052 2090 statuimus

1113 2098 1141 2119 et
1148 2094 1187 2111 1⁶*
1201 2094 1370 2127 ordinamus,
1384 2099 1414 2120 ut
1428 2095 1566 2121 dictorum
1579 2096 1707 2121 ordinum
1720 2097 1820 2122 fratres
1838 2097 1866 2122 in
1883 2097 2010 2124 ecclesiis
2023 2104 2052 2125 et

1112 2128 1180 2153 locis
1199 2136 1306 2161 eorum,
1324 2137 1356 2154 ac
1374 2129 1401 2154 in
1419 2130 1520 2164 plateis
1539 2131 1733 2156 communibus
1750 2131 1838 2157 libere
1850 2132 1961 2158 valeant
1976 2133 2050 2159 clero

1112 2166 1140 2188 et
1162 2163 1267 2196 populo
1285 2164 1448 2197 praedicare
1470 2173 1503 2190 ac
1524 2173 1683 2199 proponere
1699 2166 1817 2191 verbum
1834 2166 1897 2198 Dei,
1919 2167 1988 2193 hora
2004 2167 2052 2193 illa

1112 2197 1247 2223 duntaxat
1260 2202 1387 2232 excepta,
1401 2199 1429 2224 in
1443 2207 1498 2232 qua
1510 2200 1635 2225 locorum
1648 2200 1766 2233 praelati
1780 2200 1944 2234 praedicare
1957 2202 2053 2228 volue-

1112 2231 1176 2263 rint,
1188 2232 1234 2258 vel
1247 2240 1341 2258 coram
1355 2241 1384 2258 se
1402 2233 1496 2259 facere
1510 2234 1662 2260 solenniter
1679 2235 1845 2268 praedicari,
1863 2235 1890 2260 in
1903 2244 1959 2269 qua
1971 2245 2051 2270 prae-

1113 2266 1207 2292 dicare
1232 2267 1396 2300 cessabunt,
1426 2273 1624 2302 praeterquam
1649 2269 1671 2294 si
1696 2269 1772 2295 aliud
1797 2269 1832 2295 de
1861 2270 2051 2304 praelatorum

1112 2300 1236 2334 ipsorum
1260 2302 1404 2328 voluntate
1434 2303 1606 2336 processerit
1629 2303 1691 2329 ac¹7
1715 2303 1827 2330 licentia
1852 2305 1976 2338 speciali.
2020 2306 2051 2331 In

1111 2335 1211 2360 studiis
1236 2340 1331 2362 autem
1355 2337 1547 2370 generalibus,
1577 2338 1624 2363 ubi
1653 2346 1797 2364 sermones
1826 2338 1863 2364 ad
1888 2339 1992 2365 clerum
2016 2348 2051 2366 ex

1111 2371 1219 2396 morem
1232 2370 1291 2396 fieri
1305 2371 1397 2397 solent
1410 2371 1510 2398 diebus
1528 2372 1591 2405 illis,
1610 2372 1741 2406 quibusw
1757 2373 1913 2406 praedicari
1928 2374 2050 2400 solenni-

1112 2408 1154 2430 ter
1177 2405 1334 2437 consuevit,
1360 2406 1396 2431 ad
1420 2406 1518 2432 funera
1542 2407 1628 2433 etiam
1652 2412 1840 2440 mortuorum,
1865 2412 1893 2434 et
1917 2408 1944 2433 in
1969 2408 2049 2435 festis

1112 2439 1280 2472 specialibus
1306 2440 1365 2466 sive
1386 2441 1572 2474 peculiaribus
1598 2441 1753 2467 eorundem
1774 2442 1904 2475 fratrum,
1928 2448 2049 2476 possunt

1111 2473 1197 2499 iidem
1215 2473 1314 2500 fratres
1333 2479 1361 2500 et
1378 2475 1460 2501 liceat
1481 2476 1522 2502 eis
1540 2476 1627 2502 libere
1648 2476 1820 2509 praedicare,
1841 2476 1895 2502 nisi
1912 2476 1984 2503 forte
2001 2477 2048 2504 illa

1110 2508 1187 2540 hora,
1206 2517 1261 2542 qua
1275 2509 1346 2535 solet
1359 2509 1395 2535 ad
1409 2510 1515 2536 clerum
1528 2511 1555 2536 in
1572 2510 1722 2544 praedictis
1736 2511 1803 2536 locis
1810 2512 1850 2529 ‘2⁰‘
1863 2511 1917 2537 Dei
1929 2512 2047 2538 verbum

1111 2543 1239 2576 proponi,
1265 2543 1416 2578 episcopus
1441 2545 1486 2571 vel
1509 2545 1651 2579 praelatus
1677 2545 1804 2579 superior
1825 2545 1929 2572 clerum
1954 2546 1991 2572 ad
2015 2555 2048 2573 se

1110 2577 1278 2610 generaliter
1302 2583 1482 2612 convocaret,
1512 2585 1559 2605 aut
1583 2588 1617 2605 ex
1642 2579 1735 2613 aliqua
1758 2579 1868 2606 ratione
1891 2580 1936 2606 vel
1961 2588 2047 2607 causa

1111 2616 1229 2645 urgente
1243 2612 1347 2638 clerum
1365 2613 1458 2647 ipsum
1471 2614 1586 2640 duceret
1604 2614 1842 2647 congregandum.
1879 2615 1909 2640 In
1922 2615 2049 2642 ecclesiis

1109 2647 1250 2672 autem2’1*
1274 2648 1481 2681 parochialibus
1506 2649 1605 2674 fratres
1631 2648 1716 2673 illi2'2'*
1738 2649 1897 2674 nullatenus
1926 2649 2050 2676 audeant

1109 2681 1184 2706 νεΙ23
1201 2680 1324 2708 debeant
1342 2682 1515 2716 praedicare,
1537 2683 1582 2709 vel
1600 2691 1758 2716 proponere
1774 2683 1892 2708 verbum
1910 2683 1973 2716 Dei,
1994 2684 2049 2710 nisi

1109 2714 1208 2741 fratres
1230 2716 1367 2750 praedicti
1385 2725 1401 2742 a
1419 2717 1625 2751 parochialibus
1647 2717 1840 2743 sacerdotibus
1863 2717 1971 2744 invitati
1988 2718 2047 2745 fue-

1107 2749 1207 2776 rintw
1220 2750 1265 2777 vel
1277 2751 1377 2785 vocati,
1391 2756 1419 2778 et
1432 2752 1468 2779 de
1480 2753 1605 2787 ipsorum
1618 2751 1795 2786 beneplacito
1808 2757 1836 2778 et
1849 2760 1977 2786 assensu,
1994 2761 2045 2780 seu

1108 2868 1184 2887 presse
1199 2864 1309 2889 reperitur
1323 2865 1346 2883 in
1362 2864 1406 2884 fine
1416 2865 1473 2883 sexti
1484 2865 1543 2884 inter
1553 2865 1722 2888 extravagantes
1738 2864 1849 2884 Bonisacii
1863 2864 1938 2889 Papae
1952 2865 2013 2886 vm.
2022 2876 2048 2881 -

1108 2890 1128 2912 3)
1139 2890 1282 2913 providentia
1291 2890 1369 2914 (disp.:
1383 2890 1459 2914 Acesti:
1474 2890 1520 2913 Lu‘lj.
1585 2890 1607 2910 4)
1617 2892 1650 2909 et:
1666 2890 1694 2909 ‚tl
1759 2891 1780 2914 5)
1790 2892 1812 2910 et
1821 2891 1946 2911 animarum
1962 2892 2050 2912 indem-

1107 2916 1192 2939 pnitas:
1206 2915 1255 2941 Ialj.
1291 2917 1311 2940 6)
1323 2916 1385 2935 adab:
1400 2918 1432 2935 et:
1448 2915 1488 2936 DI:
1503 2916 1564 2935 lites:
1580 2915 1625 2940 Lflj.
1666 2915 1686 2939 7)
1696 2919 1730 2935 et:
1745 2916 1813 2936 deest:
1827 2916 2049 2942 ACDEFLilj..·susc.

1108 2941 1249 2966 illieitisque:
1263 2942 1276 2960 I
1327 2942 1348 2964 s>
1359 2941 1420 2960 ‹1d11.:
1434 2944 1508 2966 parte:
1521 2941 1557 2960 AD
1606 2941 1626 2965 9)
1637 2947 1673 2961 nc:
1689 2941 1735 2966 Lnj.
1782 2942 1813 2965 11¹)
1823 2942 1871 2962 vel:
1885 2942 1916 2964 F:
1929 2944 1977 2963 sive
1986 2943 2048 2964 loca:

1107 2967 1176 2987 deest:
1190 2967 1219 2986 A!
1259 2968 1291 2992 11)
1302 2968 1456 2991 cogitationis:
1471 2968 1487 2986 Δ
1523 2967 1556 2991 12)
1568 2969 1695 2992 pectorum:
1711 2968 1758 2993 Lilj.
1787 2968 1819 2992 13)
1829 2970 1932 2988 auctore:
1947 2968 1992 2988 Act
1999 2969 2048 2994 hilj.

1108 2993 1140 3017 14)
1151 2993 1276 3013 celebrem:
1291 2993 1336 3012 Alv'l
1415 2993 1448 3015 15)
1458 2995 1491 3012 et:
1505 2993 1574 3012 deest:
1588 2993 1660 3012 ,nv-'11
1668 2993 1714 3018 Mlj.
1795 2994 1828 3018 16)
1838 2996 1860 3014 et
1869 2995 1948 3014 etiam:
1962 2994 1991 3014 F!
2001 2995 2049 3020 Ln'lj.

1109 3019 1142 3043 17)
1153 3021 1185 3038 et:
1200 3019 1256 3038 ADF
1309 3019 1341 3042 1⁸)
1352 3025 1378 3037 ex
1390 3024 1462 3038 inore:
1477 3019 1545 3038 deest:
1560 3019 1607 3044 Li'lj.
1654 3020 1686 3043 19)
1698 3021 1720 3039 in
1730 3021 1802 3044 quib.:
1816 3020 1844 3040 ib.
1889 3021 1923 3040 20)
1933 3020 1995 3040 add..·
2009 3027 2048 3041 seu

1108 3045 1199 3064 studiis:
1214 3045 1243 3063 ,11
1252 3044 1298 3069 Lilj.
1343 3045 1376 3067 ’.51)
1387 3050 1450 3064 vero:
1465 3045 1508 3064 ACI
1517 3045 1565 3069 Lilj.
1610 3046 1643 3069 232)
1654 3046 1707 3069 ipsi:
1721 3046 1750 3065 ΑΙ
1759 3046 1807 3071 Lilj.
1851 3046 1886 3071 23)
1895 3052 1949 3067 nec:
1959 3046 2052 3068 ADEFH

1107 3070 1141 3096 24)
1152 3071 1252 3091 fortassis
1263 3071 1382 3091 exsistant:
1396 3070 1492 3096 6¹11.th
1505 3071 1555 3091 soi-t.
1567 3072 1706 3093 exstiterint:
1719 3072 1738 3092 B
