2243 3288
191 267 254 293 11131

193 350 219 369 61
235 343 270 367 dc
284 342 324 367 eis
339 349 388 374 per
402 341 599 371 dioecesanos,
617 342 639 366 si
653 346 783 374 exempta
796 349 851 367 non
870 342 984 374 suerint,
1001 343 1124 376 alioquin

193 385 241 409 per
260 376 356 402 sedem
370 376 553 409 11105101101111
571 375 754 401 ordinentur1.
789 376 807 401 li
826 380 928 408 autem,
951 377 996 410 qui
1015 385 1049 402 ea
1066 386 1124 403 sus-

194 412 287 443 cipere
312 410 355 435 vel
374 415 513 448 *suscepta
537 410 775 444 praesumpserint
806 410 945 443 detinere,
975 411 1126 438 reddantur

193 444 255 470 ineli
259 444 378 477 gibiles
373 452 433 478 ipso
447 444 515 470 iure.

565 539 582 558 C
589 539 607 558 A
614 540 638 558 Γ.
655 540 754 558 xxxnl.

193 582 348 605 Comeniptuin
364 584 454 606 possunt
470 583 579 606 prosequi,
594 583 612 600 si
623 582 650 600 :nl
663 583 812 605 ret-optionem
824 582 858 600 vol
870 582 1013 601 volutionem
1024 584 1128 602 absentes

193 609 295 627 ninimvni
315 609 349 627 vel
369 609 472 628 canonici
493 614 536 627 nou
556 611 675 629 xor-*ntum
694 608 737 626 nisi
758 609 894 627 musacium·
915 609 1006 633 liabent,
1025 616 1063 628 eos
1082 615 1127 628 nun

471 634 554 653 vocari.
583 635 609 653 ll.
621 634 641 652 (ἰ.
652 634 774 653 secuudum
785 635 850 653 Zonz.

612 710 710 736 Ι(16111.

261 762 352 794 Quum
382 762 409 786 in
439 761 564 787 ectlesiis
594 762 789 787 canonicorum
819 761 943 795 receptio
973 767 1019 787 aut
1048 771 1126 796 prac-

192 796 347 821 11611(1.1111111
367 796 411 821 vel
428 796 627 822 beneficiorum
646 797 757 821 collatio
776 797 900 821 imminet
919 796 1059 822 facienda:
1079 797 1126 822 al)-

192 836 286 855 5011165
299 830 434 862 canonici,
452 831 474 855 si
489 831 637 856 commode
655 831 713 856 fieri
727 831 827 862 xaleat,
846 836 909 856 sunt
922 831 1054 861 106111(11
1074 831 1126 856 nisi

192 864 365 890 consuetudo
378 865 490 897 habeat,
503 873 552 890 605
566 865 601 890 ad
616 865 680 890 talia
693 873 748 890 non
762 865 863 890 vocari.
894 865 1036 898 Alioquin,
1049 866 1126 899 quod

192 899 219 923 in
242 907 339 924 corum
361 899 487 925 absentia
510 899 568 925 sieri
591 899 754 932 contigerit,
777 900 816 926 eis
839 899 1005 926 instantibus
1028 900 1125 926 irritari

193 933 316 959 debebit.

565 1029 637 1048 CAP.
652 1029 752 1048 XXXIV.

191 1072 303 1091 Beneficia
322 1072 465 1091 morientium
485 1073 551 1091 otiam
577 1072 599 1090 in
622 1072 671 1091 loco
690 1072 766 1090 vii-ino
785 1072 859 1090 curiae
878 1072 993 1091 Romanae
1016 1078 1055 1096 per
1073 1073 1126 1091 duas

189 1098 273 1116 diaetas
284 1098 373 1121 legales.
385 1099 418 1117 vel
430 1098 481 1116 siz-de
492 1099 538 1121 ipsa
549 1100 648 1119 vacante,
664 1097 694 1115 ibi
710 1103 806 1118 rausum,
822 1098 960 1116 ‹minin-ilium
972 1098 1006 1117 vel
1017 1099 1126 1122 originum

189 1129 234 1141 non
246 1124 382 1144 habentium,
397 1124 431 1142 vel
443 1125 508 1142 etiam
521 1124 656 1145 habentium,
668 1123 705 1141 sed
717 1123 841 1146 mrialium,
858 1126 879 1142 ut
893 1124 924 1142 ibi
935 1129 1002 1142 causa
1012 1125 1127 1143 Romanae

189 1150 264 1168 curia(-
284 1151 430 1171 morantium.
453 1150 487 1168 vel
511 1150 618 1168 translata
638 1149 699 1167 curia
717 1155 766 1167 eain
785 1150 936 1172 sequentium,
961 1152 982 1168 et
1005 1150 1026 1168 iu
1047 1151 1127 1170 itinere

190 1176 353 1195 decedentium.
369 1176 404 1193 vel
420 1177 441 1194 111
458 1176 514 1196 lui-o,
530 1175 588 1194 unde
600 1175 690 1193 recessit
702 1175 770 1197 (111-16,
787 1175 862 1198 inquo
874 1179 1026 1194 remanserant
1036 1176 1125 1201 infirmi,

220 1202 317 1220 conferri
328 1205 439 1225 nequeunt
450 1207 488 1226 per
498 1201 574 1222 alium.
584 1206 649 1225 quam
660 1206 700 1224 per
711 1201 798 1224 l'apruu.
827 1201 854 1220 11.
866 1201 886 1220 d.
897 1202 1019 1221 secuudum
1030 1202 1096 1221 'Ac-uz.

609 1277 708 1303 Idem.

258 1329 402 1355 Praesenti
421 1329 595 1355 declaramus
613 1329 716 1361 edicto,
739 1333 873 1355 statutum
892 1329 979 1355 felicis
998 1330 1126 1356 recorda-

191 1364 273 1389 tionis
293 1364 445 1390 Clementis
464 1364 556 1397 Papae
578 1364 805 1402 praedecessoris
823 1364 910 1389 nostri
930 1364 965 1389 de
983 1364 1126 1390 beneficiis

191 1399 266 1432 apud
285 1398 382 1424 sedem
400 1399 583 1432 apostolicam
602 1398 779 1430 xamntibus,
801 1407 852 1432 per
869 1399 953 1424 alium
972 1407 1056 1431 quam
1078 1407 1127 1432 per

191 1434 348 1458 Romanum
362 1433 523 1458 Pontificem
541 1433 654 1458 minime
668 1432 855 1464 conserendis,
873 1433 964 1458 locum
982 1433 1105 1458 habere
1100 1442 1127 1458 111

192 1467 348 1499 beneficiis,
367 1475 439 1500 quae
458 1467 542 1499 legati
561 1472 608 1492 aut
626 1467 717 1492 nuncii
736 1467 812 1493 sedis
830 1453 957 1493 eiusdem
974 1467 1018 1493 vel
1037 1467 1126 1501 quivis

191 1502 236 1527 alii
250 1502 285 1527 ad
299 1502 454 1527 Romanam
468 1502 572 1526 curiam
586 1501 740 1533 venientes,
757 1501 802 1527 vel
815 1501 899 1527 etiam
912 1501 1078 1527 recedentes
1091 1502 1126 1527 ab

191 1537 266 1569 ipsa,
289 1536 417 1561 obtinere
436 1540 597 1567 noscuntur,
615 1536 636 1560 si
656 1544 705 1561 eos
721 1536 746 1560 iu
764 1535 831 1561 locis
849 1536 945 1561 vicinis
964 1536 1017 1570 ipsi
1035 1536 1126 1562 curiae

191 1570 260 1596 mori
275 1571 427 1603 contingat,
446 1570 684 1604 quemadmodum
698 1570 720 1595 si
738 1570 765 1595 in
783 1570 854 1601 loco,
873 1570 919 1596 ubi
937 1570 1038 1596 eadem
1051 1570 1126 1596 curia

192 1605 309 1637 residet,
332 1610 513 1630 morerentur.
549 1605 627 1630 Idem
645 1609 702 1636 est,
724 1604 746 1630 si
764 1604 863 1638 aliquis
882 1605 1006 1636 curialis,
1030 1605 1125 1638 (etiam

191 1639 311 1665 ecclesia
328 1640 454 1664 lxomana
470 1644 597 1670 v,acante
602 1644 607 1666 )
624 1638 866 1673 peregrinationis,
884 1639 1059 1671 infirmitatis,
1077 1644 1125 1665 aut

191 1674 372 1699 recreationis
385 1682 435 1699 seu
453 1674 506 1699 alia
524 1674 621 1707 quavis
639 1681 723 1698 causa
735 1673 771 1698 ad
790 1673 880 1699 locum
898 1674 990 1699 curiae
1003 1674 1124 1699 vicinum

192 1708 354 1740 secedensl,
367 1708 393 1733 in
408 1708 567 1733 huiusmodi
581 1708 643 1733 loco
656 1708 746 1733 vicino
758 1707 890 1738 decedat;
911 1708 1063 1733 dummodo
1077 1708 1124 1740 ibi,

192 1743 301 1768 etiamsi
319 1747 378 1768 erat
396 1742 432 1768 ad
450 1743 539 1776 ipsam
557 1742 661 1767 curiam
679 1750 854 1774 reversuruS,
877 1743 936 1768 eius
955 1742 1125 1768 domicilium

191 1785 240 1802 seu
264 1777 363 1802 domus
386 1777 498 1810 propria
519 1785 574 1802 non
597 1776 720 1802 exsistat.
756 1777 831 1802 Loca
852 1785 918 1802 vero
936 1777 1126 1810 intelligantur

192 1811 281 1836 vicina
294 1811 387 1837 eidem
401 1819 493 1836 curiae
512 1811 538 1836 in
556 1810 732 1849 praemissis,
751 1819 823 1844 quae
840 1815 948 1836 remota
966 1811 1038 1837 ultra
1056 1811 1124 1837 duas

193 1846 300 1871 diaetas
315 1845 428 1877 legales,
447 1854 516 1878 quas
534 1845 588 1870 hoc
601 1853 667 1870 casu
682 1845 721 1870 sic
738 1845 897 1883 specialiter
909 1845 1037 1871 volumus
1051 1853 1125 1871 corn-

193 1880 293 1918 putari,
307 1888 323 1905 a
337 1880 408 1911 loco,
422 1879 467 1904 ubi
481 1884 604 1904 moratur
617 1879 678 1917 ipsa
692 1888 776 1911 curia,
794 1887 849 1904 non
863 1880 1007 1905 exsistunt.
1043 1880 1126 1913 Sane,

194 1915 215 1939 si
231 1923 292 1947 quis
307 1915 333 1939 in
347 1914 419 1946 loco,
430 1913 476 1939 ubi
491 1914 547 1946 det
549 1914 568 1938 it
582 1922 638 1939 curi
641 1922 666 1946 ε,1
677 1922 744 1939 suae
758 1914 872 1946 originis
884 1914 998 1939 domum
1008 1914 1125 1946 habens,

193 1949 268 1974 diem
282 1949 313 1974 cl
309 1948 392 1973 indat
404 1953 558 1974 extremum
570 1948 596 1973 in
608 1956 652 1973 ea:
672 1948 758 1981 ipsius
772 1948 909 1974 beneficia
920 1948 971 1974 sub
982 1949 1125 1982 praedicto

193 1991 248 2008 non
262 1983 341 2008 aliter
354 1982 546 2007 includantur-⁵
560 1987 673 2014 statuto,
688 1990 771 2015 quam
786 1983 807 2008 si
822 1983 931 2008 curialis
945 1988 1021 2009 esset
1034 1988 1126 2015 antea,

193 2022 221 2043 et
235 2017 339 2042 ibidem
353 2017 500 2042 occasione
514 2017 606 2042 curiae
620 2021 783 2042 moraretur.
813 2017 908 2049 Porro,
923 2025 1009 2050 quum
1022 2018 1126 2043 curiam

193 2052 228 2077 de
243 2052 304 2077 loco
318 2051 354 2076 ad
372 2051 462 2076 Iocum
477 2051 616 2076 transferri
631 2051 774 2084 contingit,
793 2051 815 2076 si
834 2051 961 2083 curiales,
978 2052 1005 2077 in
1019 2052 1126 2084 itinere,

193 2086 271 2115 (dum
285 2086 388 2111 curiam
402 2091 556 2119 sequuntur
569 2085 709 2117 eandem)
723 2085 766 2111 vel
781 2085 807 2110 in
821 2085 892 2118 loco,
911 2086 1002 2112 unde³
1019 2087 1126 2112 recedit

193 2121 254 2154 ipsa
268 2120 351 2152 curia,
366 2120 480 2145 forsitan
491 2124 668 2146 remanentes
680 2119 788 2152 infirmi,
800 2120 883 2146 rebus
895 2120 961 2145 inibi
973 2121 1127 2146 eximantur

193 2154 333 2180 humanis:
357 2155 542 2188 praemissum
559 2158 706 2185 statutum,
725 2159 972 2188 quantumcunque
989 2155 1066 2181 locus
1081 2156 1127 2181 ubi

193 2189 344 2221 decedunt,
363 2189 398 2215 ab
413 2189 473 2223 ipsa
486 2189 561 2214 curia
574 2189 609 2214 sit
622 2193 756 2222 remotus,
775 2188 811 2214 ad
824 2189 934 2215 illorum
946 2189 1084 2216 beneficia
1097 2199 1127 2217 se

193 2223 327 2249 extendit.

576 2319 592 2337 U
598 2319 646 2337 ΑΡ.
662 2319 750 2339 XXXV.

192 2362 252 2382 Mors
262 2362 335 2386 Papae
345 2361 411 2387 tollit,
426 2367 453 2381 116
463 2361 601 2386 parochiales
611 2362 720 2406 «zelosige
735 2362 758 2380 in
769 2362 830 2381 curia
839 2367 919 2382 vat-:tro
930 2362 1040 2382 dieantur.
1068 2364 1096 2383 Π.
1107 2364 1128 2383 d.

560 2393 627 2406 51501111
645 2393 681 2407 uui
711 2393 758 2406 unz.

613 2455 711 2481 Idem.

261 2508 289 2533 Si
303 2515 320 2533 a
342 2507 460 2533 ostolica
473 2506 541 2532 sede
553 2511 670 2532 vacante
683 2507 792 2540 aliquas
806 2507 979 2541 parochiales
993 2508 1128 2534 ecclesias

194 2550 294 2568 xacare
333 2550 348 2568 e
361 2546 455 2568 cetero
469 2541 629 2574 contigerit¹
649 2541 725 2574 apud
743 2550 845 2576 ipsam:
870 2543 1027 2574 statuimus,
1046 2548 1075 2568 ut
1092 2543 1128 2569 de

194 2577 244 2609 615,
263 2585 298 2602 116
316 2577 438 2610 ipsarum
451 2576 559 2601 vacatio
578 2575 685 2601 diutina
702 2576 855 2614 periculum
873 2577 965 2602 taleat
982 2577 1127 2603 animabus

193 2611 302 2643 afferre,
325 2619 375 2649 per
391 2619 451 2642 605,
473 2609 509 2635 ad
527 2618 598 2643 quos
620 2610 753 2643 pertinet,
775 2610 863 2643 possit
886 2611 973 2637 libere
995 2611 1127 2644 ordinari,

194 2646 394 2671 constitutione
407 2631 494 2670 felicis
513 2644 713 2670 recordationis
733 2644 885 2670 Clementis
899 2646 991 2679 Papae
1009 2646 1126 2684 praede—

193 2680 313 2706 cessoris
327 2679 414 2705 nostri
429 2679 464 2704 de
481 2679 635 2711 beneficiis,
652 2678 727 2712 apud
741 2678 858 2704 sedem
853 2688 941 2712 ipsam
954 2680 1126 2713 vacantibus,

194 2723 245 2748 per
268 2714 353 2739 alium
378 2722 463 2747 quam
487 2721 538 2747 per
559 2714 716 2739 Romanum
738 2713 899 2739 Pontificem
924 2714 1037 2740 minime
1062 2723 1126 2740 con-

195 2748 332 2778 serendis,
350 2749 393 2773 161
411 2748 465 2773 alia
483 2748 580 2781 quavis
599 2747 736 2773 contraria
754 2755 838 2781 super
854 2748 907 2773 hoc
921 2748 997 2774 edita
1009 2757 1064 2774 non
1078 2749 1126 2775 ob-

195 2788 296 2808 stante.
322 2782 399 2808 Idem
411 2782 540 2808 xolumus
553 2787 582 2808 et
595 2782 631 2808 de
644 2781 706 2813 illis,
721 2789 792 2819 quae
806 2781 929 2807 ibidem
924 2790 984 2815 ipso
999 2783 1126 2809 Romano

195 2817 326 2843 l’ontifice
339 2816 450 2842 tivente
463 2817 614 2848 vacabunt,
631 2816 655 2842 si
672 2816 727 2842 de
721 2824 789 2850 ipsis
807 2824 857 2850 per
876 2824 939 2842 eum
957 2822 1021 2843 ante
1040 2817 1126 2851 ipsius

195 2851 303 2877 obitum
316 2859 372 2877 non
385 2851 466 2877 fuerit
480 2851 647 2877 ordinatum.

246 2998 298 3016 Tit.
314 2997 351 3015 lv.
379 2997 439 3021 Cap.
455 2997 545 3016 xxxn.
575 2998 593 3021 1)
605 2998 730 3017 ordinetur:
745 2997 805 3017 Codzl.
817 2998 863 3018 coll.

247 3024 307 3046 Cap.
322 3023 420 3042 XXXIV.
449 3024 467 3045 l)
478 3023 585 3042 secedens
595 3029 662 3043 causa
671 3025 772 3043 cessante
782 3024 810 3043 ad
824 3025 893 3048 ipsam
905 3024 988 3043 curiam
1000 3029 1127 3043 reversurus

196 3054 217 3092 Lu
227 3049 366 3092 ἓξίἰὶιὴὲὲοάλι
380 3048 425 3071 ,1G;
439 3054 483 3068 sec.
494 3055 560 3068 causa
570 3052 670 3069 cessante
681 3051 703 3069 iu
714 3050 821 3070 huiusm.:
836 3050 854 3069 E
878 3052 899 3074 2)
909 3050 1066 3070 includuntur:
1076 3050 1128 3069 111511'

248 3100 308 3124 Cap.
322 3099 410 3121 XXXV.
438 3102 457 3123 i)
469 3101 614 3125 contigerint:
628 3100 665 3121 BE

441 265 547 291 §Exn
568 263 776 290 DECRETAL.
795 265 860 291 L113.
882 266 923 291 111.
943 266 1011 292 TIT.
1031 266 1077 292 IV.
1096 266 1147 293 DE
1166 265 1396 294 l‘RAEnENJ‘us
1415 265 1463 292 ET
1482 265 1671 292 DIGNITAT.
1691 273 1713 292 c.
1733 273 1843 299 33—39.

2027 264 2094 291 1032

1533 343 1550 363 C
1557 342 1606 362 ΛΡ.
1622 344 1720 364 xxxvl.

1160 379 1239 397 Gratia
1249 379 1315 397 alii-ui
1327 383 1438 400 coiit-essa,
1446 379 1469 396 ut
1480 377 1596 401 providere
1607 379 1676 401 possit
1685 379 1786 402 personis
1797 378 1883 397 idoneis
1893 378 1984 397 ineerta
1991 377 2092 400 eeclesia,

1160 405 1261 429 personis
1272 410 1316 424 nou
1327 404 1443 428 (λιιι-115515,
1458 409 1502 422 non
1514 404 1611 427 exspirat
1621 409 1644 422 ru
1655 405 1740 428 integra
1750 405 1811 423 obit-u
1822 404 1977 428 coueedcntis;
1991 409 2060 427 sucus,
2076 403 2095 423 si

1372 435 1480 454 personae
1490 431 1564 448 ossone
1575 435 1699 453 expressae.
1726 430 1804 449 Iunun.
1816 430 1884 449 Andr.

1580 475 1678 502 Idem.

1230 519 1257 545 Si
1272 519 1325 550 cui,
1343 519 1416 544 nulla
1430 526 1611 553 personarum
1625 518 1698 544 sacta
1711 519 1901 552 expressione,
1919 519 1953 545 sit
1971 518 2093 551 gratiose

1162 561 1295 580 concessa
1308 553 1434 585 facultas,
1453 558 1482 578 ut
1495 553 1660 578 auctoritate
1673 553 1828 586 apostolica
1845 553 1935 587 possit
1952 553 2092 586 aliquibus

1162 588 1290 621 personis
1308 588 1414 613 idoneis
1433 588 1459 613 in
1477 592 1552 613 certa
1570 587 1689 613 ecclesia
1706 587 1867 620 providere,
1884 588 1929 613 vel
1946 587 2092 619 beneficia,

1163 630 1281 655 quorum
1294 623 1353 648 6011.
1356 623 1404 647 itio
1415 626 1459 647 est
1471 621 1613 647 adsedem
1624 621 1807 655 apostolicam
1817 622 1941 655 legitime
1952 621 2092 653 devoluta,

1163 656 1297 688 conferre,
1322 656 1541 682 contradittorcs
1565 655 1666 681 eadem
1690 656 1855 681 auctoritate
1876 665 1926 690 per
1947 664 2093 682 censuram

1162 691 1262 716 ecclesi
1265 697 1380 716 lstlc‘tm
1398 690 1618 728 compescendo:
1642 689 1803 715 huiusmodi
1820 690 1980 722 concessio,
1999 699 2092 724 quam,

1163 733 1248 758 quum
1265 725 1450 763 specialem
1435 725 1552 750 arntiam
1569 724 1723 756 contineat,
1743 724 1825 750 decet
1841 732 1904 750 esse
1923 733 2092 757 mansuram,

1162 767 1217 784 non
1228 759 1348 793 exspirat
1359 760 1403 785 eti¹
1399 768 1443 784 .1111
1454 768 1482 785 re
1494 759 1601 792 integra
1612 767 1662 792 per
1671 758 1777 784 obitum
1789 759 1977 785 concedentis.
1997 759 2093 791 Secus,

1162 794 1184 818 si
1195 801 1278 826 super
1289 802 1356 827 proi
1361 794 1447 820 isione
1458 799 1513 820 cett
1517 802 1549 819 16
1561 801 1699 831 personae
1709 792 1837 818 facienda
1847 793 1883 818 sit
1893 793 1959 818 data
1969 797 2093 826 potestas

1161 827 1255 853 eidem
1268 836 1322 853 non
1336 828 1371 853 ob
1386 837 1474 859 511;,1111
1492 828 1542 854 sed
1562 828 1630 859 eius,
1648 835 1691 852 cui
1705 827 1845 866 provideri
1858 827 2014 860 mandatur,
2031 835 2093 860 gra—

1162 862 1228 887 tiam
1239 871 1254 886 1
1257 862 1282 887 61
1296 862 1432 893 sa3vorem
1452 863 1497 888 11Ἰι
1508 862 1622 896 quidem
1632 862 1755 896 exspirat
1766 861 1889 894 omnino,
1899 861 1923 887 51
1934 861 2092 888 concedens

1162 903 1191 922 re
1204 895 1311 929 integra
1323 883 1466 922 moriatur.

1531 949 1603 969 CAI‘.
1618 949 1729 969 XXXVII.

1162 982 1203 1005 Qui
1223 987 1250 1001 ex
1270 982 1361 1001 lieentia
1379 983 1439 1002 eirca
1456 984 1553 1002 incertos
1573 989 1679 1002 comessa
1697 983 1780 1006 absque
1794 983 1858 1002 titulo
1873 982 1900 1001 ad
1915 987 1990 1001 sacros
2005 983 2094 1002 ordines

1161 1008 1255 1026 clericos
1269 1010 1391 1031 promovet,
1406 1009 1438 1027 eis
1452 1010 1540 1028 tenetur
1555 1009 1679 1033 providero.
1708 1006 1770 1028 Imu's
1785 1009 1899 1028 licentiam
1909 1009 2049 1032 promoventi
2059 1009 2094 1027 vel

1162 1035 1227 1053 etiam
1239 1034 1404 1058 promovendis,
1416 1035 1454 1059 eis,
1466 1036 1574 1059 promotis
1583 1036 1611 1054 1111
1621 1040 1695 1079 &ieros
1705 1035 1754 1054 sine
1765 1035 1837 1058 titulo,
1848 1034 1965 1059 providere
1975 1034 2094 1054 tenebitur.

1559 1062 1586 1080 Η.
1599 1062 1618 1079 il.
1641 1067 1696 1079 muz.

1579 1107 1678 1133 Idem.

1230 1149 1258 1175 Si
1277 1149 1440 1188 episcopus,
1462 1150 1504 1175 cui
1526 1150 1608 1175 nullis
1630 1150 1757 1183 personis
1779 1149 1920 1183 expressis
1941 1149 1969 1175 in
1990 1158 2095 1183 genere

1162 1183 1335 1215 commisisti,
1349 1188 1377 1209 ut
1391 1184 1450 1210 vice
1464 1188 1511 1209 tua
1524 1184 1635 1210 ordines
1650 1193 1676 1209 in
1691 1189 1737 1210 tua
1748 1183 1870 1210 dioecesi
1884 1184 2047 1216 celebraret,
2058 1185 2095 1210 ad

1162 1226 1256 1243 sacros
1267 1218 1379 1256 ordines
1391 1219 1561 1251 promoverit
1572 1219 1732 1252 quempiam
1743 1218 1853 1244 titulum
1865 1227 1919 1243 non
1929 1219 2094 1244 habentem.

1163 1253 1197 1291 61,
1212 1261 1298 1286 quum
1311 1252 1338 1277 in
1352 1253 1433 1286 culpa
1446 1252 1527 1278 fuerit
1542 1253 1633 1279 taliter
1646 1253 1800 1278 ordinando
1814 1252 1945 1285 eundem,
1956 1253 2095 1279 tenebitur

1162 1287 1236 1312 vitae
1249 1287 1406 1312 necessaria
1420 1287 1589 1319 ministrare,
1608 1287 1698 1313 donec
1717 1287 1769 1312 sibi
1788 1295 1838 1325 per
1851 1295 1915 1312 eum
1932 1288 1977 1313 vel
1993 1287 2095 1313 aliuml

1163 1321 1198 1347 de
1212 1321 1382 1360 competenti
1399 1321 1536 1347 beneficio
1550 1321 1585 1347 sit
1603 1322 1755 1355 provisum.
1791 1321 1819 1347 Si
1837 1329 1903 1347 vero
1917 1326 2007 1347 certas
2021 1330 2095 1347 com-

1162 1355 1296 1381 misisti2*
1310 1355 1403 1381 eidem
1417 1356 1545 1381 ordinare
1559 1364 1708 1389 personas:
1728 1360 1766 1387 tu,
1781 1355 1827 1389 qui
1843 1355 2024 1389 praevidere³
2042 1356 2095 1382 hoc

1163 1398 1238 1422 casu,
1251 1398 1287 1415 an
1299 1390 1435 1415 haberent
1449 1390 1567 1421 titulum,
1578 1390 1708 1421 debuisti,
1722 1390 1814 1415 taliter
1826 1390 1952 1415 ordinato
1967 1390 2003 1416 ad
2016 1398 2094 1424 prae-

1163 1424 1251 1456 dicta,
1274 1424 1364 1450 donec
1386 1433 1436 1458 per
1455 1428 1481 1450 te
1498 1424 1680 1450 beneficiatus
1698 1424 1794 1456 fuerit,
1816 1424 1956 1458 obligatus
1973 1425 2094 1450 exsistis.

1162 1459 1209 1484 Eis
1228 1463 1335 1490 autem,
1353 1459 1453 1492 quibus
1473 1459 1646 1484 dioecesanis
1665 1458 1746 1484 datur
1763 1458 1889 1490 licentia,
1907 1463 1936 1484 ut
1953 1459 2062 1493 possint
2079 1467 2096 1485 a

1162 1502 1218 1526 quo
1231 1493 1370 1519 voluerint
1383 1493 1517 1526 episcopo
1531 1493 1567 1518 ad
1580 1501 1677 1518 omnes
1691 1501 1784 1518 sacros
1799 1493 1912 1519 ordines
1925 1493 2094 1527 promoveri,

1161 1536 1217 1553 non
1231 1527 1278 1561 qui
1290 1527 1427 1559 ordinant,
1438 1528 1489 1553 sed
1501 1527 1547 1561 qui
1562 1528 1685 1553 tribuunt
1698 1527 1847 1559 licentiam,
1859 1535 1945 1561 quum
1955 1536 2018 1553 eam
2029 1528 2096 1554 dare

1161 1570 1216 1587 non
1230 1562 1354 1588 debeant
1367 1562 1476 1587 titulum
1489 1570 1544 1587 non
1562 1562 1690 1595 habenti,
1708 1562 1744 1587 ad
1762 1562 1931 1596 praemissa,
1949 1562 1973 1588 si
1986 1562 2096 1589 titulum

1161 1605 1216 1622 non
1230 1597 1361 1629 habeant,
1376 1596 1544 1630 obligantur.

1525 1666 1567 1686 CA
1573 1667 1598 1685 P.
1613 1666 1736 1686 XXXVI-II.

1160 1700 1182 1719 Si
1193 1701 1264 1724 primo
1275 1701 1325 1720 loco
1335 1701 1395 1724 Papa
1405 1700 1442 1720 dat
1451 1701 1566 1720 licentiam
1577 1701 1707 1720 conferendi
1722 1700 1831 1720 beneficia
1840 1702 1901 1720 certo
1911 1700 1976 1720 modo
1987 1701 2097 1723 vacantia.

1160 1726 1194 1745 vol
1210 1727 1237 1744 ad
1252 1727 1334 1750 Papam
1349 1726 1460 1749 devoluta„
1479 1727 1578 1746 secundo
1598 1726 1687 1751 aliquod
1703 1727 1730 1745 do
1745 1727 1779 1745 his
1794 1727 1894 1746 conferat
1907 1727 2041 1751 specialiter,
2059 1727 2096 1746 vel

1160 1753 1257 1771 conferri
1276 1752 1377 1772 mandet:
1401 1753 1486 1777 speeies
1504 1753 1581 1776 generi
1601 1753 1693 1776 derogat
1711 1753 1751 1775 ita,
1770 1753 1829 1776 quod
1847 1753 1946 1773 secundo
1964 1752 2097 1773 beneficium

1449 1778 1550 1798 debetur.
1578 1779 1607 1798 H.
1617 1778 1638 1797 d.
1650 1779 1727 1798 Ioann.
1737 1779 1807 1798 Andr.

1579 1824 1680 1851 Idem.

1229 1867 1363 1899 Quamvis
1384 1867 1435 1893 tibi
1456 1875 1546 1901 nuper
1566 1867 1594 1892 in
1616 1876 1720 1900 genere
1742 1872 1914 1901 potestatem
1935 1867 2096 1894 dederimus

1161 1901 1298 1927 beneficia
1311 1910 1359 1928 sex
1372 1902 1536 1927 clericorum
1550 1906 1660 1927 tuorum
1671 1902 1831 1928 cedentium
1840 1903 1885 1928 vel
1898 1902 2097 1928 decedentium

1161 1936 1326 1962 auctoritate
1340 1941 1435 1961 nostra
1448 1936 1577 1970 personis
1588 1936 1696 1962 idoneis
1707 1937 1882 1962 conferendi:
1902 1937 2097 1963 canonicatum

1162 1975 1255 1996 tamen
1273 1975 1301 1996 et
1322 1970 1523 2008 praebendam,
1548 1979 1619 2004 quos
1642 1971 1668 1996 in
1690 1975 1737 1997 tua
1755 1971 1883 2003 ecclesia,
1905 1971 1933 1996 in
1955 1979 2012 2004 qua
2032 1975 2097 2005 post

1161 2004 1350 2038 praedictaml
1369 2004 1487 2038 gratiam
1504 2005 1553 2030 tibi
1572 2005 1674 2031 factam
1692 2005 1886 2031 mandavimus
1906 2005 2016 2031 cuidam
2033 2014 2096 2039 spe-

1162 2039 1268 2065 cialiter
1286 2039 1436 2072 provideri,
1454 2039 1598 2065 obtinebat
1617 2039 1731 2073 quidam
1749 2048 1782 2066 ex
1800 2040 1901 2066 iisdem
1918 2039 1971 2065 tuis
1989 2040 2097 2066 01611015

1162 2082 1235 2099 1111116
1258 2073 1420 2105 defunctus,
1442 2073 1569 2099 conferre
1591 2082 1646 2099 non
1667 2078 1763 2113 potes,
1787 2083 1873 2108 quum
1894 2074 1946 2106 illi,
1967 2082 2018 2108 pro
2041 2083 2097 2108 quo

1162 2108 1337 2142 scripsimus,
1360 2107 1525 2133 debeantur.
1561 2109 1633 2134 N¹1m
1655 2109 1762 2142 primae
1778 2109 1902 2142 generali
1923 2109 2030 2142 gratiae
2047 2109 2096 2134 tibi

1163 2142 1254 2168 factae
1272 2142 1389 2175 derogat
1408 2142 1547 2180 posterior
1565 2143 1708 2176 specialis,
1726 2143 1791 2169 licet
1808 2143 1843 2169 de
1861 2143 1907 2168 illa
1925 2151 1982 2168 non
1999 2143 2098 2169 fecerit

1163 2177 1344 2202 mentionem.
1380 2176 1467 2202 Simili
1492 2177 1609 2209 ratione,
1635 2177 1657 2202 si
1682 2181 1747 2211 post
1771 2177 1933 2203 facultatem
1958 2177 2007 2203 tibi
2032 2185 2097 2203 con-

1163 2219 1271 2237 cessam
1284 2219 1301 2237 a
1313 2211 1393 2237 nobis
1408 2210 1570 2237 conferendi
1583 2211 1719 2237 beneficia
1737 2216 1802 2237 tuae
1815 2211 1962 2244 dioecesis,
1977 2220 2098 2246 quorum

1163 2246 1274 2271 collatio
1297 2250 1339 2271 est
1363 2245 1400 2271 ad
1425 2245 1522 2271 sedem
1546 2246 1731 2279 apostolicam
1756 2246 1901 2278 devoluta,
1925 2254 1976 2272 nos
2000 2254 2098 2272 eorum

1164 2280 1291 2318 aliquod,
1319 2284 1471 2313 antequam
1500 2284 1528 2305 tu
1559 2280 1701 2313 conseras,
1735 2280 1910 2306 conferamus
1939 2280 2098 2314 specialiter

1163 2314 1245 2340 alicui
1258 2314 1302 2340 vel
1316 2314 1435 2340 conferri
1448 2314 1623 2347 mandemus,
1642 2315 1677 2340 de
1691 2315 1873 2341 concessione
1887 2315 1937 2340 tibi
1955 2315 2029 2341 facta
2040 2323 2098 2341 non

1163 2349 1258 2374 habita
1276 2349 1431 2375 mentione:
1457 2348 1530 2375 sacta
1552 2357 1603 2383 per
1621 2357 1672 2375 nos
1691 2349 1801 2375 collatio
1820 2349 1953 2376 canonica
1969 2353 2013 2376 est
2034 2357 2097 2376 cen-

1164 2384 1261 2410 senda.

1537 2435 1553 2455 C
1560 2435 1579 2455 A
1585 2436 1611 2455 Ι).
1626 2436 1724 2455 XXXIX.

1164 2471 1284 2490 Revocatio
1303 2471 1388 2495 gratiae
1407 2475 1451 2489 non
1470 2469 1530 2489 tollit
1547 2470 1581 2489 ius
1600 2471 1736 2494 quaesitum,
1755 2471 1795 2489 sod
1813 2470 1977 2495 quaerendum,
2000 2471 2044 2490 nisi
2062 2471 2098 2490 ius

1162 2497 1296 2516 annexionis
1310 2496 1371 2516 aliud
1386 2496 1487 2519 inducat;
1503 2501 1544 2515 nec
1559 2498 1634 2515 tamen
1644 2497 1703 2515 tollit
1712 2497 1746 2515 ius
1756 2497 1915 2520 quaerendum,
1930 2502 2043 2517 annexum
2053 2497 2096 2517 iuri

1331 2522 1436 2547 digniori,
1447 2527 1513 2546 quam
1523 2523 1632 2546 quaesito.
1659 2523 1687 2542 Η.
1698 2522 1718 2541 d.
1730 2522 1852 2542 seeundum
1862 2523 1928 2542 Zenz.

1582 2568 1682 2595 Idem.

1230 2611 1278 2637 Si
1273 2619 1305 2644 15,
1323 2611 1365 2637 0111
1380 2611 1416 2637 (16
1435 2611 1611 2643 canonicatu,
1629 2611 1807 2645 praebendal
1825 2615 1853 2637 et
1871 2611 2021 2650 dignitate,
2034 2619 2096 2646 per-

1162 2651 1261 2672 sonatu
1289 2646 1334 2672 vel
1363 2645 1454 2671 officio
1489 2653 1539 2679 per
1568 2631 1656 2671 sel'icis
1685 2646 1887 2672 recordationis
1916 2645 2022 2672 Nicolai
2051 2646 2095 2672 vel

1163 2681 1315 2706 Coelestini
1328 2680 1580 2714 praedecessorum
1591 2685 1751 2706 nostrorum
1761 2681 1855 2706 literas
1866 2680 1956 2714 gratia
1966 2680 1993 2705 in
2002 2680 2096 2714 aliqua

1161 2715 1280 2741 ecclesia
1297 2714 1370 2740 sacta
1383 2719 1452 2746 erat,
1470 2715 1676 2740 constitutionis
1695 2719 1808 2741 nostrae
1821 2715 2009 2741 revocatoriae
2027 2718 2095 2740 tem-

1162 2758 1231 2783 pore
1250 2749 1442 2774 canonicatum
1455 2754 1483 2774 et
1497 2749 1698 2782 praebendam,
1716 2749 1853 2782 dignitati,
1872 2748 2033 2782 personatui
2051 2749 2095 2774 vel

1162 2783 1254 2809 officio
1268 2783 1349 2809 alicui
1367 2791 1423 2808 non
1436 2791 1587 2815 annexam,
1605 2787 1664 2809 erat
1682 2783 1815 2817 adeptus:
1839 2783 1903 2808 licet
1921 2782 2094 2815 dignitatem,

1162 2822 1342 2856 personatum
1366 2826 1416 2843 seu
1445 2817 1567 2843 officium
1596 2817 1664 2843 inibi
1693 2821 1882 2855 exspectaret,
1911 2820 2026 2854 propter
2050 2825 2095 2842 ex-

1163 2852 1367 2891 spectationem
1380 2851 1539 2877 huiusmodi
1553 2852 1677 2886 privatus
1690 2860 1746 2878 non
1759 2850 1920 2884 intelligitur
1933 2858 2000 2882 iure,
2018 2851 2095 2890 quod

1163 2887 1191 2913 in
1204 2887 1369 2913 canonicatu
1387 2891 1415 2913 et
1432 2886 1595 2921 praebenda
1612 2886 1704 2913 fuerat
1720 2885 1853 2912 canonice
1869 2888 2030 2917 assecutus;
2053 2885 2095 2912 ius

1215 2999 1231 3018 C
1238 3005 1275 3023 ap.
1290 2999 1400 3019 xxxvn.
1429 2998 1448 3021 1)
1459 3004 1498 3022 per
1506 2998 1548 3017 ala
1562 2997 1632 3017 ACDE'

1163 3025 1269 3044 misisset:
1283 3025 1302 3044 Β
1353 3026 1373 3047 3)
1384 3025 1512 3048 prendere
1527 3023 1563 3043 AD

1215 3052 1276 3074 Cap.
1291 3051 1371 3070 XXXV
1375 3051 1412 3069 111.
1441 3050 1460 3073 1)
1471 3050 1564 3069 dictam:
1578 3048 1611 3068 CI>

1215 3078 1276 3101 Cap.
1291 3077 1390 3096 xxxut.
1419 3075 1439 3100 1)
1449 3078 1470 3095 et
1480 3075 1568 3099 praeb..
1582 3074 1611 3097 F·

1706 2996 1726 3021 2)
1737 2996 1896 3016 commisisses:
1911 2996 2022 3020 ACDEFO:
2036 3003 2095 3018 com-

1625 3075 1647 3094 et
1657 3073 1684 3093 de
1693 3072 1814 3098 111-1161)..Ιὶ
