2243 3288
127 249 177 277 577

127 328 186 353 viro
199 327 274 354 viam
285 327 433 354 universae
447 327 536 354 carnis
550 328 688 362 ingresso,
701 328 782 354 adhuc
794 327 888 362 priore
900 327 953 353 viro
966 335 1062 362 super-

129 362 205 395 stite,
222 362 297 388 dicta
305 362 326 380 12
348 362 447 388 mulier
464 371 495 389 se
512 363 577 389 fecit
595 363 622 388 in
639 368 715 389 arcto
733 363 793 388 loco
807 362 843 388 ad
861 362 1063 396 poenitentiam

127 396 267 430 agendam
285 396 397 429 includi,
416 397 466 428 ubi,
485 406 529 422 scm
546 399 622 422 annis
639 399 663 423 in
681 397 809 423 devotione
818 398 940 430 peractis,
958 397 1063 422 mutiens

126 439 142 456 a
155 430 304 464 quibusdam
321 431 435 456 discretis
448 435 470 456 et
487 432 612 464 reliyiosis
624 432 751 465 personis,
768 432 836 465 quod
847 432 884 456 sic
896 432 996 456 salvari
1011 440 1064 456 non

123 469 217 498 posset,
240 466 274 490 ad
295 466 463 498 apostolicam
485 467 567 491 sertem
589 466 702 497 accessit,
725 466 849 491 humiliter
870 466 1016 499 postulans
1041 470 1064 490 et

127 500 219 531 devote,
233 504 264 525 ut
275 499 301 525 ei
315 499 495 533 dignaremur
508 501 672 534 impendere
685 499 832 526 concilium
846 500 976 526 salutare.
1004 500 1063 525 Nos

127 533 210 566 igitur
222 534 411 566 attendentes,
429 533 506 568 quod
519 534 587 560 illud
594 535 616 552 ¹3
629 535 710 560 fuit14
727 534 852 559 illicitum
869 534 1064 566 iuramentum,

127 568 275 593 discretioni
290 573 388 593 vestrae
402 576 450 601 per
467 570 609 601 apostolica
621 569 718 602 scripta
730 569 906 600 mandamus,
924 572 1063 602 quatenus

128 601 285 635 praefatum
295 602 384 628 virum
394 603 546 628 monitione
557 603 671 637 praevia
677 603 715 621 15*
729 603 903 636 compellatis
911 602 933 620 1⁰
939 606 959 634 *,
973 608 1011 634 ut,
1021 611 1063 635 ea,

128 645 212 670 quam
237 636 410 670 superduxit,
435 637 560 669 exclusa,
589 637 744 671 praefatam
768 637 914 662 mulierem
939 637 1063 670 recipiat,

125 670 245 696 audituri
258 671 448 704 postmodum,
459 672 482 697 si
496 672 563 705 quid
577 672 659 698 fuerit
672 671 854 705 quaestionis,
864 676 886 696 et
900 672 965 696 illud
974 673 1062 704 appel-

125 705 220 730 latione
233 710 330 730 remota
343 706 423 730 debito
434 706 487 739 fine
498 707 614 731 decisuri.
634 706 662 732 Si
672 714 739 731 vero
751 710 846 731 contra
856 706 1063 731 matrimonium

126 739 195 764 nihil
216 739 299 765 fuerit
322 739 496 774 [sufficienter]
515 746 669 772 ostensum,
691 744 719 765 et
740 739 781 765 vir
799 740 910 765 saeculo
929 740 1063 766 derelicto

124 773 254 799 maluerit
276 774 312 799 ad
337 774 496 807 regularem
520 775 605 800 vitam
626 775 757 808 migrare,
782 782 832 799 vos
855 774 880 800 ei
903 783 987 807 super
1010 775 1064 799 hoc

124 807 266 834 licentiam
282 808 420 841 tribuatis,
438 813 467 834 ut
481 813 508 835 et
521 809 567 834 illa
579 810 615 834 sic
628 809 719 842 possit
731 808 759 833 in
772 816 833 840 suo,
850 809 915 833 sicut
928 809 1062 839 desiderat,

126 843 270 911 propqsito
288 843 492 877 permanere17.
529 843 631 878 [Nullis
648 843 727 868 literis
744 847 788 868 erc.
808 843 870 868 Dat.
885 844 922 868 II.
936 844 998 868 Kal.
1012 844 1062 868 Iul.

128 884 201 910 1205.

515 990 532 1009 C
539 989 588 1009 ΑΡ.
603 990 650 1009 XX.
658 992 664 1006 1

124 1031 167 1055 Qui
187 1031 215 1050 ad
234 1032 394 1052 monasterium
415 1033 554 1052 convertitur
571 1032 680 1052 sumendo
694 1032 794 1052 habitum
809 1032 897 1055 novitii,
917 1034 989 1056 potest
1007 1033 1065 1051 infra

123 1059 211 1082 tempus
225 1059 364 1082 probationis
378 1059 452 1078 redire
461 1059 489 1077 ad
504 1059 625 1082 saeculum,
641 1059 686 1077 nisi
695 1060 807 1083 appareat,
822 1064 873 1078 euni
883 1059 952 1078 vitani
966 1059 1064 1078 voluisse

495 1086 581 1103 mutare
592 1085 692 1104 omnino.

158 1143 249 1170 Idem
267 1143 394 1169 Abbati
414 1143 454 1169 de
472 1143 638 1177 Affligen.
657 1148 689 1169 et
708 1143 875 1177 Magistro
894 1144 927 1169 R.
943 1148 975 1170 et
995 1144 1028 1170 G.

340 1183 521 1209 Canonicis
540 1182 850 1208 Traiectensibusff.

193 1238 319 1264 Consulti
333 1246 428 1264 sumus
441 1238 605 1272 frequenter
614 1247 630 1264 a
640 1238 744 1270 multis,
758 1242 849 1263 utrum
863 1237 895 1269 is,
909 1238 955 1271 qui
966 1246 1061 1263 mona-

123 1272 241 1298 sterium
261 1273 404 1306 ingressus
427 1277 470 1298 est
494 1273 621 1298 habitum
642 1272 798 1298 sumendo³
819 1272 925 1304 novitii,
950 1273 973 1297 si
998 1277 1063 1298 ante

123 1307 329 1340 professionem
347 1307 479 1333 emissam
497 1307 585 1333 infra4
603 1312 714 1341 tempus
733 1307 905 1340 probationis
923 1307 998 1332 exire
1016 1315 1062 1332 vo-

123 1341 216 1374 luerit,
234 1341 309 1367 licite
326 1342 415 1375 possit
433 1342 541 1376 absque
560 1342 720 1375 apostasiae
738 1346 805 1367 nota
821 1341 866 1367 vel
884 1349 965 1373 noxa,
984 1349 1063 1375 prae-

124 1376 221 1402 sertim
234 1384 297 1402 cum
310 1376 406 1402 debita
418 1385 528 1402 morum
542 1376 715 1402 correctione
726 1376 762 1401 ad
776 1375 918 1401 saeculum
928 1384 1063 1401 remeare.

125 1410 203 1436 Licet
220 1415 314 1436 autem
333 1419 419 1444 super
432 1411 485 1436 hoc
498 1411 637 1436 senserint
650 1410 753 1436 diversi
767 1410 888 1441 diversa,
905 1418 957 1435 nos
971 1414 1064 1435 tamen

124 1444 262 1470 credimus
278 1445 515 1478 distinguendum,
535 1450 626 1470 utrum
640 1446 672 1476 is,
691 1445 738 1478 qui
752 1444 948 1476 convertitur5,
962 1452 1063 1478 propo-

124 1479 210 1504 suerit
223 1479 352 1505 absolute
365 1479 451 1504 vitam
464 1479 597 1512 mutaress',
612 1484 641 1504 ut
652 1479 703 1505 sub
714 1479 828 1504 habitui
841 1479 961 1512 regulari
975 1478 1062 1504 omni-

123 1514 232 1547 potenti
246 1514 308 1539 Deo
327 1514 362 1539 de
376 1518 470 1539 cetero
484 1514 643 1546 famuletur,
662 1522 696 1539 an
707 1513 932 1539 conditionaliter
945 1513 1064 1546 experiri

124 1548 331 1574 observantiam
353 1548 519 1582 regularem,
541 1553 570 1573 ut
591 1548 630 1574 ita
647 1548 771 1580 demum,
793 1547 816 1573 si
834 1547 939 1573 infraS*
961 1556 1063 1573 annum

124 1582 176 1608 sibi
190 1582 334 1616 placuerit,
352 1582 516 1616 profiteatur
535 1583 640 1608 ordinis
659 1582 845 1616 disciplinam,
862 1586 919 1614 aut,
938 1582 961 1607 si
975 1581 1064 1607 fortess

124 1619 182 1642 non
194 1617 339 1650 placuerit,
357 1618 482 1643 moribus
497 1617 662 1643 emendatus
675 1617 712 1642 ad
726 1621 829 1642 statum
842 1620 997 1642 revertatur
1010 1615 1064 1650 pri-

123 1652 236 1677 stinum.
272 1652 302 1677 In
315 1651 405 1685 primo
419 1660 485 1677 casu
500 1652 595 1683 debet,
613 1656 642 1676 ut
656 1651 820 1685 regulariter
832 1651 916 1683 vivat,
930 1651 965 1676 ad
979 1651 1063 1676 laxio-

122 1694 183 1711 rem
207 1686 309 1711 saltem
333 1686 461 1719 regulam
485 1686 666 1720 pertransire.
711 1686 741 1711 In
766 1685 889 1711 secundo
915 1690 1011 1719 potest
1028 1685 1065 1710 ad

124 1720 276 1752 saeculum,
298 1729 355 1746 non
373 1725 475 1752 tamen,
498 1725 527 1746 ut
544 1721 619 1746 vivat
637 1720 827 1752 saeculariter,
850 1728 984 1745 remeare.
1026 1720 1065 1745 Ut

123 1763 191 1788 ergo
198 1756 221 1772 Π)
235 1763 307 1788 quae
321 1755 355 1780 sit
369 1755 429 1780 eius
443 1755 559 1780 intentio
573 1755 683 1789 plenius
693 1759 872 1788 agnoscatur,
886 1753 1063 1788 propositum

123 1797 204 1814 suum
217 1789 245 1814 in
262 1789 399 1823 principio
413 1794 593 1823 protestetur.
630 1790 690 1814 Hac
703 1798 762 1822 erqo
777 1789 936 1814 distinctione
953 1789 1068 1821 (liliyenti

123 1824 285 1849 meditatione
294 1828 414 1857 pensata,
429 1825 500 1849 circa
513 1825 629 1849 dilectum
642 1824 724 1857 silium
739 1824 926 1849 Traiectensem
939 1824 1064 1848 decanum

122 1858 259 1892 inquiratis
271 1859 378 1883 sollicite
390 1867 456 1892 quae
469 1859 578 1883 videritis
591 1859 752 1892 inquirenda,
772 1862 794 1883 et
807 1859 925 1883 statuatis
939 1858 1062 1883 canonice

122 1901 188 1926 quae
210 1893 346 1918 statuenda
370 1893 503 1926 noveritis,
529 1892 665 1928 [facientes
686 1897 732 1918 etc.
767 1893 830 1918 Dat.
853 1893 912 1918 Lat.
935 1893 975 1918 Id.
998 1893 1064 1918 Mai.

126 1926 211 1961 1204.]

509 2040 582 2060 CAP.
597 2039 671 2060 xxm

123 2082 174 2107 Qui,
194 2083 254 2102 infra
272 2088 355 2102 annum
373 2082 512 2107 probationis
531 2089 576 2102 non
591 2083 650 2102 facta
664 2082 810 2107 professione.
826 2082 884 2102 redit
899 2082 927 2102 ad
942 2081 1064 2106 saeculum,

302 2109 364 2128 licite
375 2112 448 2133 potest
457 2109 486 2128 ad
496 2109 588 2128 ordines
598 2111 620 2128 et
631 2109 740 2128 beneficia
750 2109 886 2133 promoveri.

537 2168 655 2194 1dern2.

194 2219 345 2245 Postulasti
360 2220 404 2252 (Et
415 2219 500 2251 infra.-
516 2218 562 2254 [cf.
573 2228 594 2244 c.
610 2227 648 2251 14.
659 2220 689 2244 (te
699 2220 756 2244 Iud.
774 2219 799 2244 V.
812 2217 859 2253 6.])
870 2218 966 2245 Tertio
982 2226 1065 2252 quae-

126 2254 224 2286 sivisti,
239 2259 330 2280 utrum
344 2254 392 2286 illi,
410 2253 456 2287 qui
472 2254 498 2279 in
508 2255 519 2272 ὅ
532 2254 611 2279 annis
625 2254 778 2279 minoribus
792 2253 936 2279 constituti
948 2253 1065 2278 novitio-

122 2289 201 2315 rum4
223 2289 350 2314 habitum
368 2288 580 2322 susceperunt-³,
603 2293 630 2314 et
648 2288 736 2314 infraG
757 2296 861 2313 annum
883 2287 1066 2321 postmodum

123 2323 196 2349 nonT
218 2323 292 2348 sacta
315 2322 490 2357 professione
513 2323 549 2348 ad
571 2323 714 2348 saeculum
735 2327 799 2348 sunt
820 2322 935 2354 reversi,
958 2326 987 2347 et
1009 2320 1065 2356 [ab]

123 2358 283 2392 episcopisS
305 2357 361 2383 suis
380 2358 434 2383 hoc
452 2357 603 2382 scientibus
621 2357 658 2382 ad
675 2365 770 2382 sacros
789 2356 901 2382 ordines
921 2360 984 2381 sunt
1003 2364 1066 2394 pro-

123 2393 202 2424 moti,
217 2392 346 2418 sustineri
362 2391 485 2417 debeant
499 2391 525 2416 in
539 2391 590 2416 illis
605 2391 732 2417 ecclesiis
743 2391 910 2422 ministrare,
924 2390 951 2415 in
963 2390 1065 2424 quibus

123 2429 204 2453 suntv
222 2427 257 2452 ab
272 2426 381 2452 eisdem
399 2426 540 2459 episcopis
555 2425 682 2451 instituti.
719 2426 776 2450 Nos
790 2426 881 2458 eryolo
899 2424 1065 2450 fraternitati

123 2465 188 2488 tuae
206 2461 327 2486 talitern
346 2460 560 2494 respondemus,
580 2460 657 2493 quod
675 2464 791 2493 propter
808 2460 861 2484 hoc
879 2467 934 2484 non
954 2463 1017 2484 sunt
1030 2459 1065 2484 ab

123 2495 251 2521 ecclesiis
262 2495 329 2529 ipsis
340 2494 499 2525 amovendi,
514 2494 565 2519 sed
578 2494 605 2519 in
617 2494 657 2519 eis
672 2499 789 2528 possunt
800 2493 887 2519 libere
898 2493 1065 2525 ministrare,

121 2530 174 2555 nisi
179 2530 317 2563 prudentia
326 2529 394 2562 sorte
403 2529 557 2561 suppleverit
568 2529 592 2553 in
605 2529 655 2553 iilis
665 2533 780 2559 (zelotem,
794 2533 818 2553 ut
830 2526 943 2562 [saltem]
955 2528 1067 2552 transire

123 2565 228 2590 debeant
238 2565 272 2589 ad
285 2565 400 2597 reyutam
410 2563 543 2594 laxiorem,
557 2563 618 2596 quia
630 2572 706 2596 quum
719 2563 769 2596 ipsi
778 2563 872 2595 absque
881 2563 1067 2595 protestatione

122 2599 253 2632 reliqionis
261 2599 373 2624 habitum
381 2599 403 2616 12
413 2598 565 2623 assumendo
574 2597 595 2615 13
606 2598 682 2622 citam
691 2601 892 2630 praesumantur
899 2596 1066 2629 proposuisse

123 2633 258 2659 murm-⁶214.
297 2632 372 2668 [Dat.
386 2633 445 2658 Lat.
466 2631 524 2657 Vll.
543 2633 582 2657 Id.
597 2632 655 2657 lun.
670 2632 745 2657 I'ont.
764 2635 828 2657 nost.
844 2632 891 2657 Ao.
906 2631 962 2656 XX.
981 2630 1065 2665 1212]

177 2780 230 2799 Tit.
246 2779 325 2799 XXXI.
353 2779 416 2803 Cap.
431 2779 490 2798 XIX.

124 2805 156 2830 14)
167 2806 245 2825 fuerit:
259 2806 284 2825 Cb
338 2805 371 2829 15)
381 2806 515 2829 praemissa:
532 2803 683 2825 GHIKIAJMN:
697 2805 769 2822 virum
781 2808 872 2822 monere
883 2804 989 2823 attentius
1000 2806 1022 2823 et
1036 2804 1069 2822 in·

123 2832 205 2850 ducere
220 2832 351 2855 procuretis,
367 2837 425 2854 eum,
437 2832 455 2850 si
466 2836 556 2850 necesse
572 2831 645 2851 suerit.
656 2835 696 2854 per
705 2829 869 2848 districtionem
881 2830 962 2853 (cens.:
976 2829 998 2853 (ἶ)
1013 2830 1068 2849 eccl.

123 2862 173 2881 app.
184 2863 238 2876 rem.
250 2860 363 2882 cogentes,
374 2860 409 2876 ut:
425 2858 440 2875 C
448 2856 496 2880 Ray.
543 2856 575 2878 1¹1)
586 2856 682 2878 cogatis:
698 2855 794 2873 GHIIsLa
836 2856 869 2877 17)
880 2860 1008 2874 remanere:
1022 2855 1068 2879 ‘751¹'—

175 2883 236 2907 (ἔαρ.
255 2883 303 2902 XX.
341 2883 360 2907 1)
370 2883 500 2902 Restitntum
511 2887 534 2900 rx
544 2881 591 2905 [tra.
603 2882 675 2906 lta-cqn.
687 2882 735 2904 VII,
745 2882 788 2904 Gfi.;
804 2879 867 2899 Azan.
879 2880 935 2899 auct.
945 2882 964 2899 3.
976 2881 1003 2903 (3,
1016 2881 1068 2905 15.);

123 2908 190 2933 Comp.
202 2909 241 2928 111.
253 2915 270 2927 c.
282 2911 299 2929 7.
310 2909 330 2928 h.
342 2909 356 2928 t.
367 2910 396 2932 (3,
407 2909 448 2929 2-1.)
502 2908 522 2931 2)
533 2909 583 2927 abb.
595 2908 622 2926 do
633 2907 745 2931 Affligeim
756 2909 778 2925 et
789 2912 846 2930 mag.
859 2907 883 2925 R.
894 2912 1003 2930 personae
1014 2907 1069 2926 eccl.

122 2934 149 2953 de
159 2935 228 2954 Tenis
245 2937 268 2954 et
281 2935 398 2955 Gileberto
413 2935 524 2953 canonico
535 2934 687 2953 Traiectensi:
704 2933 765 2955 Item:
777 2943 799 2945 —
810 2932 832 2950 in
843 2931 904 2951 Codri.
920 2933 1006 2951 nountna
1021 2938 1068 2952 cor-

123 2960 188 2984 rupta
197 2960 254 2980 sunt.
268 2971 292 2975 -
301 2960 403 2980 Pomiast.
414 2966 448 2979 uo.
460 2962 517 2980 2209.
584 2960 605 2983 5>
616 2959 761 2978 assumendo:
777 2957 824 2981 It'ty.
894 2958 916 2980 4)
926 2959 995 2977 iutra:
1010 2958 1067 2977 Cotti.

124 2985 196 3005 Bo'hm.
246 2986 266 3010 5)
276 2987 314 3011 qui
324 2992 400 3006 conv.:
416 2986 466 3005 aad.
477 2992 490 3005 a
499 2985 576 3008 Raum.
624 2985 645 3008 6)
656 2984 705 3003 odd.
712 2990 719 3002 :
734 2985 757 3003 in
767 2984 858 3003 melius:
874 2983 930 3002 Cb't'a
975 2984 996 3007 7)
1006 2984 1068 3003 adel..-

124 3010 178 3055 2⁰⁰²
193 3012 217 3031 Cb
257 3013 278 3036 8)
288 3013 340 3032 intr.
350 3018 416 3032 ann-z
430 3012 499 3031 deest:
514 3010 643 3031 FoHIKCTa
654 3009 702 3034 Ray.
747 3009 768 3034 9)
779 3010 884 3029 forsitan:
900 3010 914 3028 C
958 3009 991 3034 10)
1002 3015 1066 3034 orgo:

141 3037 195 3056 sesi.-
209 3038 244 3057 Cli.

175 3062 236 3088 Cap.
251 3063 310 3083 XXI.
339 3063 358 3087 1)
369 3063 495 3083 Restttatum
511 3068 535 3082 cx
548 3062 597 3087 Rea.
608 3061 655 3081 Bal.
667 3062 714 3084 XV,
726 3063 782 3083 us:
796 3061 862 3086 Comp.
878 3061 916 3081 lv.
931 3066 948 3080 c.
964 3066 1002 3080 un.
1017 3061 1037 3079 Ιι.
1053 3060 1068 3080 ί.

125 3087 154 3114 (3,
165 3089 205 3114 10.)
254 3089 275 3114 2)
286 3090 409 3114 Legionen.
420 3095 466 3114 ep.:
481 3089 528 3112 Ι)α,·
543 3088 683 3113 Lingonensi
693 3093 740 3112 (εμπ
754 3087 816 3112 Κίρ-ς
826 3098 850 3101 -
860 3086 954 3107 Potttmst
965 3092 999 3107 no.
1010 3088 1068 3107 452³.

201 3131 287 3157 eorpus
302 3132 344 3152 iur.
360 3137 409 3152 can.
437 3131 474 3152 Ed.
490 3131 610 3157 Frtcdbcrq.
638 3131 662 3150 Τ.
674 3131 702 3150 11.

537 2778 569 2801 12)
580 2778 705 2802 praedicta:
719 2778 758 2797 Cae
821 2776 853 2801 13)
868 2777 1006 2797 huiusmodi:
1021 2776 1070 2801 Rea.

375 250 582 277 DECRETAL.
603 249 766 277 GREGOR.
786 250 832 277 IX.
851 248 916 276 LIB.
936 249 980 276 111.
999 249 1068 275 TIT.
1088 249 1189 276 XXXI.
1209 249 1259 276 DE
1279 248 1541 276 REGULARIBUS
1561 253 1614 275 etc.
1635 256 1658 275 c.
1678 253 1786 280 20—24.

1987 244 2038 273 578

1480 336 1552 357 CAP.
1566 336 1651 356 XXII.1

1098 380 1140 402 Qui
1160 380 1217 400 ultra
1235 385 1318 400 aunum
1336 383 1410 405 portat
1427 380 1527 399 habiturn
1548 379 1703 399 monachalem
1723 379 1745 397 in
1764 377 1909 400 monasterio,
1928 377 1966 396 ubi
1984 377 2036 395 suut

1332 407 1420 426 habitus
1432 407 1564 431 indistincti,
1575 407 1678 426 censetur
1687 405 1806 429 professus.

1236 466 1405 491 Honorius
1426 466 1468 491 ΙΙΙ.
1487 464 1675 491 Venetensi
1695 463 1894 498 Episcopo-².

1168 516 1208 541 Ex
1222 522 1300 549 parte
1315 521 1361 542 tua
1375 517 1425 542 fuit
1439 516 1613 551 propositum
1627 524 1714 541 coram
1728 516 1808 545 nobis,
1823 514 1899 548 quod
1912 512 2036 539 nonnulli

1100 555 1162 575 sunt
1176 551 1201 574 in.
1215 552 1323 576 dioecesi
1338 551 1476 582 Venctensi,
1489 551 1545 584 qui,
1558 551 1621 576 licet
1635 550 1760 583 pluribus
1771 550 1849 575 annis
1863 548 2037 582 gestaverint

1099 584 1225 610 habitum
1237 586 1441 617 monachalem,
1455 585 1661 619 professionem
1676 589 1768 609 tamen
1782 583 1967 609 monasticam
1980 590 2036 607 non

1098 618 1232 644 fecerunt.
1270 620 1362 651 Unde,
1381 628 1467 653 quum
1480 628 1564 653 super
1577 627 1620 649 eo,
1640 618 1716 651 quod
1729 618 1834 644 habent
1852 618 1995 651 proprium
2008 621 2036 642 et

1098 653 1166 678 alias
1189 654 1376 686 irregulariter
1396 655 1501 685 vivunt,
1523 662 1539 679 a
1557 658 1584 678 te
1602 653 1647 678 vel
1664 653 1699 678 ab
1717 652 1777 678 aliis
1795 657 1957 684 arguuntur,
1979 659 2035 676 non

1099 688 1267 713 erubescunt
1281 688 1383 719 dicere,
1398 696 1428 714 se
1441 688 1477 713 ad
1491 687 1642 713 carentiam
1656 687 1769 720 proprii,
1784 691 1811 712 et
1824 687 1875 711 orl³
1891 686 2035 711 continen-

1098 722 1174 753 tiam,
1196 730 1228 747 ac
1246 723 1314 748 alias
1328 723 1471 755 regulares
1486 722 1678 747 observantias
1692 729 1748 746 non
1767 721 1864 752 teneri,
1888 728 1974 754 quum
1987 720 2035 745 ha-

1098 756 1172 781 bitus
1188 757 1260 781 non⁴
1278 757 1361 782 faciat
1376 756 1553 788 monachum,
1572 755 1622 781 sed
1638 755 1776 789 professio
1794 755 1879 788 potius
1893 754 2038 787 regularis.

1098 792 1115 821 -1-
1125 791 1210 819 Quare
1222 800 1298 824 super
1311 792 1347 816 leis
1357 791 1525 824 apostolicum
1535 790 1675 823 postulasti
1684 790 1818 814 rewoedium
1829 789 1945 820 exhiberi,
1958 797 2037 822 quum

1098 825 1246 850 inordinata
1260 826 1310 850 vita
1323 825 1565 858 praevaricatorum
1577 825 1719 849 huiusnmdi
1731 833 1781 848 non
1794 825 1875 848 solum
1890 823 1925 848 eis
1934 824 2036 856 pericu-

1098 860 1158 891 lum,
1176 860 1220 884 sest
1236 860 1311 884 etium
1327 860 1481 884 scandalum
1498 858 1594 891 inferat
1612 858 1735 883 mentibus
1753 859 1870 884 aliorum.
1912 858 2037 890 Ideoque

1099 893 1264 919 fraternitati
1287 898 1352 919 tuae
1369 893 1562 925 mandamus5,
1585 896 1722 926 quatenus
1741 892 1880 925 quoslibet
1902 892 1951 917 tibi
1973 892 2037 924 lege

1099 927 1267 954 dioecesana
1284 928 1436 959 subiectos,
1459 927 1506 961 qui
1528 927 1672 961 praedicto
1694 927 1779 951 modo
1802 932 1903 952 terram
1925 926 2035 951 duabus

1098 962 1149 987 viis
1168 962 1276 995 ingredi
1293 971 1350 987 non
1367 966 1506 993 verentur,
1528 966 1567 993 ut,
1585 966 1734 995 postquam
1752 969 1802 992 per
1819 969 1920 986 annum
1943 965 2036 993 gesta-

1098 996 1189 1022 verint
1213 996 1341 1022 habitum
1364 996 1572 1028 monachalem,
1601 996 1727 1028 regulam
1751 1004 1850 1028 «pioque
1881 995 2036 1020 secundum

1098 1030 1217 1056 formam
1230 1030 1334 1056 ordinis
1353 1030 1536 1064 profiteantur
1549 1034 1577 1056 et
1594 1034 1714 1062 servent,
1729 1030 1865 1054 ploratione
1878 1030 2036 1062 praemissa,

1101 1065 1291 1091 ecclesiastica
1304 1065 1438 1091 censura⁴⁶
1450 1066 1624 1098 appellatione
1638 1069 1734 1089 remota
1747 1064 1899 1098 compellas
1906 1064 1926 1089 Τ.

1475 1160 1491 1179 C
1498 1159 1517 1179 A
1523 1159 1548 1178 P.
1563 1159 1643 1178 xxm.
1651 1161 1658 1175 l

1098 1202 1159 1221 Infra
1173 1202 1311 1226 probationis
1326 1207 1409 1221 annum
1423 1202 1494 1222 libere
1508 1202 1557 1226 quis
1567 1202 1626 1221 redit
1639 1202 1667 1220 ad
1682 1202 1802 1223 saeculum.
1817 1202 1861 1221 nisi
1876 1201 2037 1225 professionem

1099 1229 1178 1247 fecerit
1192 1229 1259 1247 tacito
1274 1229 1309 1247 vel
1320 1234 1431 1252 expresse,
1449 1228 1484 1247 vel
1495 1230 1606 1252 appareat,
1618 1233 1668 1247 euni
1679 1228 1747 1247 vitam
1759 1230 1844 1247 mutare
1855 1228 1960 1246 voluisse.
1988 1228 2037 1246 Hoc

1098 1255 1177 1278 primo.
1214 1255 1318 1273 Secundo
1333 1254 1395 1277 dicit,
1410 1254 1470 1278 quod
1484 1254 1512 1272 ad
1528 1254 1576 1275 hoe.
1592 1256 1616 1272 ut
1631 1254 1791 1277 dignoscantur
1805 1255 1884 1273 novitii
1898 1259 1911 1272 a
1926 1254 2039 1277 professis,

1098 1280 1164 1299 debet
1174 1281 1263 1299 habitus
1273 1280 1423 1304 professorum
1439 1280 1542 1299 benedici
1553 1281 1576 1298 in
1586 1280 1648 1303 loeis,
1664 1280 1702 1299 ubi
1713 1280 1802 1299 habitus
1812 1286 1858 1299 non
1868 1282 1901 1299 est
1911 1280 2036 1298 distinctus.

1441 1339 1629 1372 Gregorius
1649 1340 1696 1365 IX.

1165 1390 1327 1422 Statuimus,
1338 1391 1458 1416 novitios
1469 1391 1496 1416 in
1506 1390 1672 1425 probatione
1682 1390 1790 1424 positos
1801 1395 1866 1416 ante
1877 1394 2039 1424 susceptum

1098 1424 1241 1458 religionis
1255 1425 1391 1457 habitum,
1406 1426 1453 1459 qui
1467 1426 1525 1451 dari
1540 1425 1736 1459 profitentibus
1750 1425 1904 1457 consuevit,
1914 1425 1959 1451 vel
1972 1430 2038 1451 ante

1098 1459 1305 1492 professionem
1330 1460 1475 1491 emissam,
1500 1460 1536 1485 ad
1561 1460 1684 1494 priorem
1708 1464 1811 1485 statum
1836 1459 1928 1485 redire
1952 1468 2038 1493 posse

1098 1494 1185 1519 libere
1208 1493 1296 1519 infra2
1321 1502 1432 1525 annum,
1457 1494 1509 1520 nisi
1531 1494 1675 1520 evidenter
1697 1499 1840 1528 appareat,
1866 1494 1943 1527 quod
1968 1494 2038 1520 tales

1099 1528 1228 1554 absolute
1250 1529 1387 1554 voluerint
1409 1529 1496 1555 vitam
1517 1533 1625 1554 mutare
1647 1533 1676 1554 et
1697 1529 1724 1554 in
1742 1529 1877 1562 religione
1900 1534 2037 1562 perpetuo

1098 1563 1220 1588 Domino
1235 1562 1386 1595 deservire,
1401 1571 1486 1597 quum
1501 1563 1618 1597 quilibet
1631 1563 1793 1588 renunciare
1807 1563 1898 1588 valeat
1911 1563 1945 1594 ei,
1960 1563 2037 1596 quod

1099 1605 1149 1631 pro
1172 1605 1202 1623 se
1225 1598 1349 1623 noscitur
1370 1598 1568 1623 introductum.
1617 1597 1802 1623 Nihilominus
1825 1602 1979 1623 statuentes
2002 1597 2039 1623 ad

1101 1640 1214 1657 omnem
1232 1632 1445 1665 ambiguitatem
1463 1633 1574 1666 penitus
1593 1632 1788 1664 amovendam,
1807 1632 1892 1666 quod,
1911 1640 1996 1665 quum
2011 1632 2038 1657 in

1101 1666 1271 1700 quibusdam
1289 1667 1358 1692 locis
1376 1667 1518 1700 religionis
1541 1667 1710 1692 novitiorum
1731 1666 1842 1692 habitus
1864 1675 1919 1691 non
1943 1666 2038 1691 distin-

1099 1705 1200 1734 guatur
1217 1701 1251 1726 ab
1270 1701 1367 1726 habitu
1385 1702 1587 1735 professorum,
1605 1701 1789 1735 professionis
1807 1706 1934 1735 tempore
1952 1701 2037 1726 bene-

1101 1735 1228 1760 dicantur
1240 1740 1345 1768 vestes,
1364 1744 1437 1769 quae
1450 1736 1647 1770 profitentibus
1661 1735 1861 1767 conceduntur,
1880 1740 1909 1760 ut
1921 1735 2038 1760 novitio-

1100 1778 1161 1795 rum
1173 1769 1303 1796 habitus³
1316 1779 1333 1795 a
1345 1770 1539 1804 professorum
1551 1770 1647 1796 habitu
1662 1770 1844 1796 discernatur.

1477 1865 1550 1885 CAP.
1565 1865 1645 1886 XXIV.
1652 1867 1660 1881 1

1100 1907 1209 1932 Religiosi
1224 1908 1312 1933 fugitivi
1326 1909 1442 1928 annuatim
1453 1910 1504 1928 sunt
1514 1909 1651 1933 requirendi,
1667 1910 1688 1928 et
1699 1908 1800 1933 cogendi.
1815 1910 1839 1928 ut
1849 1910 1871 1928 at
1881 1909 2041 1928 monasterium

1497 1937 1646 1954 revertantur.

1518 1993 1618 2020 Idem.

1150 2045 1193 2071 Ne
1210 2044 1342 2079 religiosi,
1360 2044 1481 2079 W‘gandi
1499 2046 1676 2071 occasionem
1693 2044 1840 2078 habentes,
1862 2044 1960 2071 salutis
1978 2053 2040 2079 pro-

1100 2079 1177 2113 priae
1191 2079 1390 2106 detrimentum
1404 2081 1554 2112 incurrant,
1572 2085 1600 2105 et
1612 2080 1727 2113 sanguis
1742 2088 1839 2106 eorum
1853 2080 1888 2106 de
1901 2080 2040 2114 praelato-

1100 2122 1160 2139 rum
1173 2114 1302 2140 manibus
1313 2114 1482 2148 requiratur:
1497 2115 1654 2147 statuimus,
1668 2120 1698 2140 ut
1709 2115 1903 2148 praesidentes
1914 2114 2041 2148 capitulis

1101 2148 1277 2174 celebrandis
1289 2149 1443 2174 secundum
1455 2153 1591 2174 statutum
1602 2149 1711 2174 concilii
1721 2149 1870 2182 generalis,
1878 2157 1927 2175 seu
1938 2154 2041 2183 patres,

1100 2183 1218 2208 abbates
1241 2191 1289 2208 seu
1312 2183 1419 2216 priores
1442 2182 1574 2216 fugitivos
1596 2184 1697 2209 suos2*
1719 2189 1747 2209 et
1765 2184 1870 2209 eiectos
1889 2184 1924 2209 de
1942 2184 2040 2209 ordine

1104 2225 1155 2242 suo
1169 2217 1312 2251 requirant
1326 2217 1444 2243 sollicite
1458 2218 1609 2243 annuatim.
1647 2217 1700 2251 Qui
1714 2218 1737 2243 si
1755 2218 1781 2243 in
1794 2218 1971 2244 monasteriis
1986 2218 2044 2243 suis

1102 2251 1188 2285 recipi
1206 2256 1324 2285 possunt
1341 2251 1495 2277 secundum
1513 2252 1641 2278 ordinem
1663 2252 1831 2286 regularem,
1853 2253 1970 2278 abbates
1992 2260 2043 2278 seu

1101 2286 1209 2319 priores
1228 2294 1326 2311 eorum
1344 2286 1497 2312 monitione
1515 2287 1629 2320 praevia
1646 2295 1696 2320 per
1710 2295 1856 2313 censuram
1875 2287 2041 2313 ecclesiasti-

1102 2322 1180 2346 cam³
1198 2320 1402 2354 compellantur
1419 2321 1455 2346 ad
1473 2321 1666 2355 receptionem
1685 2321 1819 2355 ipsorum,
1841 2322 1918 2347 salva
1936 2321 2041 2346 ordinis

1102 2354 1258 2388 disciplina.
1296 2355 1379 2388 Quod
1391 2355 1415 2380 si
1428 2355 1482 2381 hoc
1494 2355 1630 2389 regularis
1645 2356 1714 2381 ordo
1728 2364 1784 2381 non
1798 2356 1909 2390 patitur,
1923 2355 2041 2381 auctori-

1102 2393 1160 2414 tate
1178 2393 1273 2414 nostra
1291 2389 1466 2423 provideant,
1484 2394 1513 2415 ut
1531 2390 1607 2424 apud
1625 2390 1726 2416 eadem
1744 2391 1914 2416 monasteria
1932 2390 1958 2415 in
1972 2389 2040 2414 locis

1102 2423 1336 2457 competentibus,
1346 2423 1368 2449 si
1378 2424 1487 2457 absque
1497 2425 1575 2457 gravi
1585 2425 1718 2450 scandalo
1729 2424 1788 2450 fieri
1799 2425 1911 2458 poterit,
1919 2424 2041 2457 alioquin

1102 2457 1129 2483 in
1147 2458 1207 2483 aliis
1226 2458 1365 2491 religiosis
1384 2458 1513 2484 domibus
1532 2459 1659 2485 eiusdem
1678 2459 1782 2484 ordinis
1796 2459 1832 2484 ad
1850 2458 1989 2491 agendam
2004 2458 2041 2483 ibi

1102 2492 1304 2525 poenitentiam
1318 2492 1419 2518 talibus
1440 2493 1514 2519 vitae
1527 2493 1687 2519 necessaria
1699 2493 1898 2518 ministrentur.
1935 2493 1962 2518 Si
1975 2500 2042 2518 vero

1102 2526 1263 2552 huiusmodi
1277 2526 1410 2560 fugitivos
1423 2527 1468 2553 vel
1482 2528 1587 2553 eiectos
1601 2527 1797 2553 inobedientes
1811 2527 1974 2558 invenerint,
1993 2534 2042 2552 eos

1102 2561 1351 2593 excommunicent,
1370 2566 1398 2587 et
1416 2561 1522 2587 tamdiu
1540 2562 1643 2588 faciant
1661 2562 1696 2587 ab
1710 2562 1891 2587 ecclesiarum
1910 2561 2042 2595 praelatis

1101 2596 1359 2621 excommunicatos
1373 2596 1486 2630 publice
1498 2597 1631 2629 nunciari,
1643 2596 1732 2623 donec
1742 2596 1779 2622 ad
1792 2596 1953 2622 mandatum
1967 2595 2041 2629 ipso-

1101 2638 1162 2656 rum
1175 2630 1316 2656 humiliter
1329 2635 1512 2656 revertantur.

1104 2777 1124 2802 3)
1135 2778 1170 2797 in:
1185 2776 1252 2797 deest:
1267 2776 1297 2796 DI}
1349 2777 1370 2801 4)
1381 2777 1553 2797 monachorum:
1568 2777 1594 2795 ι’[ι.
1651 2777 1671 2797 5)
1682 2777 1831 2800 susceperint:
1847 2775 1891 2795 Duc

1104 2804 1163 2823 Cant.
1172 2803 1246 2823 Bolum.
1312 2804 1333 2825 7)
1344 2809 1400 2822 non:
1415 2803 1484 2823 deest:
1499 2802 1528 2827 Ds
1536 2802 1584 2827 [try.
1650 2803 1671 2825 8)
1682 2803 1746 2826 ipsis:
1762 2802 1791 2820 ΠΙι

1104 2830 1137 2853 10)
1147 2831 1233 2849 nutem:
1248 2829 1291 2851 Db:
1306 2828 1374 2849 decst:
1387 2829 1432 2848 Dac
1499 2829 1530 2852 11)
1542 2829 1650 2847 breviter:
1664 2827 1682 2846 1)
1692 2827 1740 2850 Ii'cff.

1104 2856 1137 2879 1³)
1147 2858 1273 2875 assumant:
1288 2854 1332 2877 Im,-
1346 2858 1473 2874 assumunt:
1489 2854 1518 2873 Dr
1571 2854 1603 2877 14)
1615 2855 1743 2872 immutare:
1757 2853 1795 2872 Db.

1156 2881 1217 2905 Cap.
1233 2882 1302 2900 XXII.
1332 2881 1352 2905 1)
1362 2880 1490 2900 Restitutum
1500 2885 1523 2898 tut
1532 2880 1598 2904 (Vomp.
1610 2881 1636 2899 V.
1648 2885 1664 2898 c.
1676 2881 1694 2898 vi.
1705 2879 1724 2897 Ιι.
1735 2879 1749 2898 t.
1761 2880 1788 2903 (3,
1801 2879 1841 2903 17.)
1869 2879 1889 2903 2)
1900 2880 2008 2899 1816—27.
2019 2891 2044 2894 —

1103 2906 1197 2926 Pottlmst
1208 2913 1242 2927 no.
1253 2908 1310 2926 7811.
1346 2907 1367 2929 3)
1377 2907 1417 2926 ad:
1432 2906 1499 2925 deest:
1513 2905 1544 2924 Ed
1553 2904 1620 2923 ltu-ht.
1657 2905 1678 2928 ι1)
1688 2910 1839 2929 nequaquam:
1855 2905 1910 2925 Ebot!
1940 2905 1961 2929 5)
1971 2908 2042 2925 tori-as

1103 2933 1146 2951 viis
1155 2933 1303 2957 ingrediendo
1315 2933 1400 2952 duabus
1410 2933 1472 2951 iuxta
1482 2932 1615 2954 Prophetam
1630 2936 1670 2950 vae
1685 2931 1728 2949 sibi
1739 2931 1776 2954 (ne
1791 2932 1834 2951 sibi
1848 2931 1992 2955 expeditione
2003 2946 2008 2950 .
2021 2946 2026 2951 .
2037 2947 2043 2952 .

1103 2959 1231 2983 acquirant:
1246 2958 1286 2980 Et.-
1300 2958 1353 2977 tilii:
1368 2958 1403 2981 Ec)
1419 2960 1440 2976 nt
1454 2957 1601 2981 perditionem
1616 2957 1745 2980 acquirunt:
1760 2956 1778 2975 E
1854 2958 1874 2981 G)
1884 2963 1923 2981 per
1937 2963 2044 2978 censuras

1104 2985 1281 3004 ecclesiasticas:
1297 2984 1327 3003 1·ὶί
1379 2984 1399 3007 7)
1410 2982 1562 3006 compellatis:
1577 2981 1615 3000 Ea.

1156 3010 1172 3030 C
1179 3016 1217 3035 ap.
1232 3010 1313 3029 xxm.
1342 3009 1361 3033 1)
1372 3010 1479 3028 1227—34.
1490 3019 1515 3022 -
1525 3007 1620 3027 [meumst
1630 3013 1663 3027 no.
1673 3008 1731 3028 9650.

1103 3036 1123 3059 ³)
1134 3036 1197 3055 haim
1213 3035 1282 3055 deest:
1296 3035 1340 3054 LJI.

1158 3062 1219 3086 Cap.
1230 3062 1309 3081 XXIV.
1339 3059 1603 3085 1)1227--31.-1ὀ[11ιιι3ί
1612 3059 1712 3079 rto-9651.

1103 3087 1124 3112 ³)
1135 3088 1289 3108 ecclesiastica
1299 3092 1404 3107 censura:
1419 3085 1484 3105 LMN.

1942 2775 1963 2800 G)
1974 2777 2044 2796 intra:

1853 2802 1874 2825 9)
1885 2803 1978 2822 fuerint:
1994 2802 2042 2827 Rea.

1807 2828 1839 2852 12)
1855 2828 1917 2847 lustu:
1931 2828 1998 2848 deest:
2012 2828 2044 2848 Db

1785 3009 1806 3031 2)
1816 3008 1886 3028 intra:
1901 3008 1959 3028 Cant.
1969 3008 2042 3028 Bo'hm.

1749 3059 1770 3084 2)
1781 3065 1843 3080 suos:
1854 3059 1923 3080 dre-sl:
1933 3060 2048 3082 coddsolt.

1731 3119 1763 3146 37
