2243 3288
95 250 163 277 1053

96 337 130 355 eo
153 327 284 354 defuncto
305 326 433 360 nequibit
455 335 550 353 novus
565 327 719 353 monachus
739 335 755 353 a
772 330 911 352 conventu
933 326 1032 357 creari3

95 363 164 388 alias
182 361 293 396 poterit,
307 361 330 387 si
347 369 445 387 eorum
462 361 567 388 creatio
585 362 728 396 spectatl‘
746 361 857 387 insimul
874 361 911 386 ad
929 365 1032 386 utrum-

97 405 160 431 que.

406 467 632 497 TITULUS
658 468 722 496 XV.

198 524 254 550 DE
272 525 388 551 VOTO
412 526 465 551 ET
483 526 586 552 VOTI
609 524 931 551 REDEMPTIONE.

496 595 568 615 CAP.
584 595 636 615 UN.

93 628 182 652 Votum,
197 628 359 648 solennisatum
374 634 414 653 per
427 630 592 653 susceptionem
607 630 665 649 sacri
676 629 761 648 ordinis
770 629 807 648 vel
817 634 856 653 per
866 628 1035 652 professionem.

94 654 175 673 factam
193 654 260 673 alicui
276 655 303 674 de
322 655 469 679 religionibus
488 662 527 679 per
540 656 615 675 sedem
630 656 776 679 apostolicam
795 655 930 679 approbatis,
951 654 1036 673 dirimit

93 680 262 699 matrimonium
271 682 322 704 post
332 683 482 705 contraetum;
496 682 551 726 aliads
566 682 638 727 solim]
653 681 753 705 impedit,
768 683 790 700 et
800 687 845 700 non
855 681 947 699 dirimit.
976 681 1003 699 H.
1014 680 1035 699 d.

465 713 533 726 secun
551 714 588 727 um
616 713 663 727 enz-

213 748 415 775 Bonifacius
435 749 506 775 VIII.
525 749 715 776 Biterensil
734 749 919 783 Episcopo.

163 791 249 825 Quod
261 796 358 817 votum
372 792 476 818 debeat
490 792 544 818 dici
554 793 670 819 solenne
681 801 713 818 ac
726 792 763 818 ad
777 792 965 818 dirimendum
978 800 1034 817 ma-

93 826 255 852 trimonium
268 826 377 859 efficax,
390 835 441 852 nos
456 827 602 853 consulere
615 827 738 853 voluisti.
768 828 826 852 Nos
840 826 933 860 igitur,
946 830 1035 852 atten-

93 861 204 893 dentes,
218 861 296 895 quod
312 861 370 886 voti
389 861 542 887 solennitas
560 870 593 888 ex
611 862 672 887 sola
685 861 884 888 constitutione
898 861 1034 887 ecclesiae

93 900 138 921 est
158 896 280 928 inventa,
302 896 470 921 matrimonii
492 904 559 922 vero
584 896 724 922 vinculum
748 896 784 922 ab
809 896 871 930 ipso
897 895 1034 921 ecclesiae

93 929 186 964 capite
207 938 301 956 rerum
322 930 446 956 omnium
468 931 622 963 conditore,
641 931 733 965 ipsum
754 931 782 956 in
804 930 935 964 paradiso
958 934 986 956 et
1007 930 1034 955 in

93 969 168 990 statu
181 964 358 990 innocentiae
375 965 548 997 instituente,
561 965 694 991 unionem
713 970 740 991 et
757 964 1033 990 indissolubilitatem

92 999 281 1033 acceperit2*:
303 999 459 1033 praesentis
478 1000 678 1025 declarandum
696 1000 825 1025 duximus
844 999 957 1025 oraculo
971 1007 1033 1024 san-

93 1033 203 1066 ctionis,
216 1034 284 1059 illud
302 1034 392 1059 solum
407 1038 503 1059 votum
521 1034 627 1060 debere
641 1034 695 1060 dici
709 1035 834 1066 solenne,
849 1038 984 1067 quantum
997 1033 1033 1058 ad

93 1073 159 1102 post
172 1072 346 1094 contractum
358 1068 566 1094 matrimonium
580 1069 776 1101 dirimendum,
791 1069 867 1102 quod
881 1068 1033 1094 solennisa-

93 1107 153 1128 tum
165 1103 249 1128 fuerit
262 1111 312 1136 per
324 1103 534 1136 susceptionem
545 1103 616 1128 sacri
630 1103 746 1135 ordinis,
756 1108 804 1128 aut
818 1111 868 1136 per
881 1102 1033 1136 professio-

93 1146 159 1163 nem
173 1145 335 1171 expressam
345 1137 391 1163 vel
404 1138 526 1170 tacitam,
538 1138 640 1163 factam
650 1138 732 1163 alicui
743 1137 779 1163 de
789 1137 971 1170 religionibus
985 1145 1035 1170 per

93 1172 192 1198 sedem
202 1172 387 1206 apostolicam
397 1172 571 1206 approbatis.
594 1172 714 1206 Reliqua
724 1181 791 1198 vero
802 1171 937 1204 vota,etsi
949 1179 1034 1205 quan-

97 1206 192 1240 doque
216 1206 426 1232 matrimonium
447 1207 604 1240 impediant
626 1207 856 1239 contrahendum,
879 1210 907 1232 et
929 1210 1034 1239 quanto

94 1240 288 1266 manifestius3
305 1245 369 1266 sunt
386 1241 498 1273 emissa,
512 1246 589 1266 tanto
605 1246 720 1275 propter
737 1241 858 1275 plurium
871 1240 1035 1266 scandalum

93 1279 122 1301 et
139 1275 300 1310 exemplum
317 1275 413 1301 durior
429 1275 605 1310 poenitentia
617 1275 871 1309 transgressoribus
889 1275 1034 1307 debeatur,

93 1318 150 1336 non
162 1314 258 1336 tamen
270 1310 431 1336 rescindere
443 1315 562 1344 possunt
574 1311 752 1336 matrimonia
765 1315 830 1344 post
843 1314 995 1336 contracta.

401 1399 627 1428 TITULUS
653 1399 732 1428 XVI.

290 1457 347 1483 DE
375 1457 516 1483 STATU
543 1457 843 1484 REGULARIUM.

499 1527 571 1547 CAP.
587 1527 639 1547 UN.

93 1562 211 1585 Moniales,
230 1561 298 1580 tacite
316 1561 351 1580 vel
370 1566 475 1585 expresse
494 1563 614 1587 professae,
634 1562 746 1581 clausuras
765 1561 896 1581 monasterii
915 1560 976 1579 exire
990 1564 1037 1578 non

94 1589 193 1612 possunt,
209 1593 250 1606 nee
264 1588 304 1606 alii
318 1587 345 1606 ad
360 1588 409 1606 illas
424 1588 516 1611 intrare,
531 1589 575 1607 nisi
590 1594 656 1607 causa
670 1588 770 1612 legitima
780 1590 801 1607 et
811 1587 931 1611 superioris
945 1586 1038 1605 licentia

93 1614 236 1633 interveniat.
264 1614 292 1632 Η.
308 1613 329 1632 d.
344 1624 368 1627 —-
382 1615 401 1635 §—
417 1616 434 1632 1.
454 1614 480 1632 In
495 1615 631 1633 monasterio
648 1620 692 1633 non
707 1614 884 1633 Mendicantium
903 1614 935 1631 tot
949 1617 1037 1631 sorores

94 1640 178 1659 debent
192 1640 268 1663 recipi,
287 1641 342 1663 quot
360 1642 465 1663 poterunt
483 1641 531 1659 sine
550 1641 644 1663 penuria
658 1641 790 1662 sustentari;
809 1641 831 1658 et
846 1639 904 1658 ultra
918 1644 963 1657 non
978 1637 1038 1656 valet

94 1666 202 1689 receptio.
222 1666 271 1684 Hoc
281 1665 336 1684 dicit
346 1666 485 1684 Dominicus.
497 1676 519 1678 —
530 1667 573 1687 §.12-
584 1666 724 1687 Abbatissae,
736 1666 875 1689 principibus
885 1664 1038 1684 saecularibus

94 1692 123 1711 ad
140 1692 254 1711 fidelitatis
273 1694 437 1710 sacramentum
457 1692 614 1715 praestandum
634 1692 765 1714 adstrictae,
785 1692 803 1710 si
821 1697 867 1710 non
885 1691 979 1714 possunt.
998 1695 1038 1714 per

93 1720 262 1742 procuratorem
277 1717 358 1740 iurare,
373 1718 522 1740 personaliter
537 1718 638 1736 exeundo
649 1718 810 1737 monasterium
824 1717 937 1740 ini-abunt,
954 1716 1037 1739 absque

95 1744 204 1763 dilatione
214 1743 242 1762 ad
252 1745 413 1762 monasterium
424 1743 544 1762 rediturae.
572 1744 663 1762 Domiu.
673 1754 699 1756 —
709 1746 727 1765 ξ.
737 1745 756 1762 3.
772 1743 941 1767 Compelluntur
951 1742 1037 1761 domiui

94 1769 229 1794 temporales
248 1774 288 1793 per
306 1774 422 1788 censuram
441 1769 625 1792 ecclesiasticam,
645 1771 669 1788 ut
687 1770 711 1788 in
725 1770 769 1788 suis
785 1770 852 1788 curiis
867 1769 986 1787 admittant
1000 1767 1037 1786 ab-

95 1796 190 1814 batissas
209 1800 249 1819 per
266 1797 422 1818 procuratores
440 1795 540 1819 litigare;
559 1795 706 1814 ecclesiastici
724 1801 779 1814 vero
798 1796 821 1813 in
840 1794 1001 1818 temporalibus
1016 1795 1037 1812 et

94 1821 248 1846 spiritualibus
272 1826 348 1839 earum
371 1823 527 1844 procuratores
550 1821 668 1840 admittere
692 1822 782 1840 debent.
822 1821 914 1840 Domin.
938 1831 962 1834 -—
980 1822 998 1841 ξ.
1017 1820 1037 1838 4.

95 1847 211 1867 Ordinarii
221 1847 329 1869 locorum,
346 1847 369 1865 iu
379 1847 486 1865 subiectis
497 1848 639 1866 monasteriis
650 1847 746 1871 propria,
761 1847 785 1865 in
795 1847 904 1870 exemptis
914 1846 1038 1870 apostoliea

95 1874 228 1893 auctoritate
239 1873 364 1892 clausuram
375 1878 494 1896 procurare
504 1873 597 1895 deheim
609 1879 650 1892 nec
661 1875 694 1892 est
704 1875 794 1897 propter
804 1873 845 1891 hoe
856 1873 879 1891 in
890 1873 940 1891 aliis
950 1872 1038 1891 casibus

219 1899 344 1918 iurisdictio
355 1899 378 1917 in
388 1900 503 1922 exemptos
514 1899 545 1918 eis
556 1899 669 1918 attributa.
697 1900 725 1918 H.
736 1899 757 1918 d.
768 1899 909 1918 Dominicus.

421 1941 620 1967 Bonifacius
639 1941 712 1967 VIII.

166 1984 327 2011 Periculoso
345 1988 373 2009 et
391 1983 551 2010 detestabili
570 1984 745 2018 quarundam
762 1983 925 2010 monialium
943 1983 1037 2015 statui,

97 2020 192 2054 (quae,
218 2019 375 2044 honestatis
402 2018 499 2044 laxatis
521 2019 638 2045 habenis
664 2023 692 2045 et
716 2019 875 2045 monachali
899 2018 1039 2044 modestia

98 2062 239 2087 sexusque
256 2053 426 2079 verecundia
443 2053 621 2087 impudenter
638 2054 765 2086 abiectis,
779 2058 858 2080 extra
875 2061 926 2078 sua
942 2061 1036 2078 mona-

97 2089 183 2115 steria
200 2096 400 2121 nonnunquam
417 2096 468 2122 per
482 2088 642 2114 habitacula
655 2088 840 2114 saecularium
853 2095 1037 2121 personarum

99 2124 266 2155 discurrunt,
280 2127 308 2148 et
326 2122 488 2156 frequenter
505 2123 576 2148 infra
593 2123 695 2149 eadem
712 2123 883 2148 monasteria
901 2130 1037 2156 personas

99 2162 245 2192 suspectas
256 2157 415 2189 admittunt,
423 2157 449 2182 in
460 2157 591 2189 illius,cui
602 2166 682 2183 suam
693 2157 883 2191 integritatem
893 2156 1038 2182 voluntate

98 2197 256 2227 spontanea
273 2191 455 2223 devoverunt,
472 2200 624 2225 gravamen
632 2193 668 2224 1¹⁴,
685 2191 831 2223 offensam,
849 2191 876 2216 in
895 2190 1038 2223 religionis

99 2226 282 2261 opprobrium
296 2230 324 2252 et
337 2225 500 2252 scandalum
513 2227 716 2260 plurimorum,)
727 2226 876 2260 providere
889 2225 1038 2250 salubriter

99 2262 254 2296 cupientes,
272 2260 413 2294 praesenti
436 2261 636 2287 constitutione
653 2266 790 2295 perpetuo
809 2260 1038 2293 irrefragabiliter

98 2297 217 2322 valitura
227 2295 376 2327 sancimus,
387 2295 532 2321 universas
543 2301 571 2321 et
582 2296 705 2329 singulas
716 2295 862 2327 moniales,
873 2298 1036 2328 praesentes

98 2335 184 2364 atque
206 2330 324 2362 suturas,
346 2330 536 2363 cuiuscunque
562 2330 706 2364 religionis
729 2330 784 2355 sint
804 2329 849 2355 vel
873 2328 988 2360 ordinis,
1010 2329 1038 2354 in

100 2365 273 2399 quibuslibet
286 2364 382 2390 mundi
396 2364 522 2398 partibus
534 2365 712 2397 exsistentes,
723 2364 775 2390 sub
789 2368 927 2397 perpetua
939 2363 967 2388 in
981 2363 1037 2389 suis

98 2399 276 2426 monasteriis
295 2399 400 2425 debere
418 2399 454 2425 de
468 2404 562 2425 cetero
580 2407 747 2433 permanere
760 2399 888 2424 clausura
900 2398 947 2430 ita,
962 2398 1038 2431 quod

98 2435 165 2460 nulli
179 2442 284 2466 earum,
298 2433 465 2467 religionem
477 2434 561 2460 tacite
574 2435 619 2460 vel
632 2442 764 2468 expresse
778 2432 934 2467 professae,
945 2432 981 2458 sit
994 2432 1038 2458 vel

99 2477 163 2496 esse
176 2469 269 2494 valeat
282 2476 450 2502 quacunque
467 2469 575 2494 ratione
588 2469 633 2494 vel
650 2476 743 2500 causa,
757 2467 818 2499 (nisi
832 2467 904 2493 forte
919 2471 995 2492 tanto
1010 2471 1038 2492 et

100 2504 149 2530 tali
159 2503 258 2529 morbo
269 2502 415 2529 evidenter
426 2511 520 2528 earum
531 2503 654 2536 aliquam
665 2503 792 2528 laborare
803 2506 953 2533 constaret,
961 2501 1037 2535 quod

99 2547 156 2564 non
164 2542 262 2572 posset
273 2545 336 2563 cum
346 2537 406 2562 aliis
418 2537 526 2571 absque
537 2537 615 2570 gravi
626 2537 750 2571 periculo
761 2545 811 2562 seu
821 2536 953 2562 scandalo
963 2544 1037 2561 com—

99 2573 222 2605 morari,)
233 2571 403 2598 monasteria
413 2571 474 2605 ipsa
487 2572 622 2606 deinceps
637 2571 801 2605 egrediendi
816 2571 946 2601 facultas;
960 2570 1037 2596 nulli-

101 2616 156 2642 que
178 2607 353 2641 aquuatenus
375 2606 542 2632 inhonestae
564 2615 702 2640 personae
720 2614 772 2632 nec
789 2606 875 2631 etiam
892 2606 1038 2637 honestae,

101 2642 164 2677 (nisi
177 2641 350 2667 rationabilis
364 2646 392 2666 et
405 2641 555 2666 manifesta
568 2649 653 2666 causa
670 2641 795 2672 exsistat,
809 2648 840 2666 ac
858 2640 894 2665 de
908 2639 989 2672 illius,
1002 2639 1038 2665 ad

100 2685 186 2711 quem
204 2675 377 2710 pertinuerit,
396 2675 510 2709 speciali
529 2675 660 2708 licentia,)
679 2675 822 2708 ingressus
842 2674 886 2700 vel
907 2682 1038 2699 accessus

101 2716 198 2746 pateat
211 2711 247 2737 ad
260 2710 386 2742 easdem,
398 2715 426 2735 ut
437 2710 476 2735 sic
487 2718 503 2735 a
514 2710 633 2743 publicis
645 2714 673 2736 et
682 2709 830 2735 mundanis
841 2708 1038 2742 conspectibus

101 2750 249 2780 separatae
260 2745 373 2771 omnino
384 2744 489 2770 servire
500 2745 562 2770 Deo
572 2744 685 2770 valeant
695 2744 817 2775 liberius,
829 2748 866 2775 et,
876 2743 1039 2769 lasciviendi

102 2780 312 2815 opportunitate
331 2779 440 2805 sublata
457 2778 551 2805 eidem
569 2779 654 2804 corda
672 2787 722 2804 sua
739 2783 767 2804 et
785 2786 903 2812 corpora
921 2777 948 2802 in
965 2777 1040 2803 omni

101 2815 285 2841 sanctimonia
303 2813 465 2847 diligentius
484 2813 635 2839 custodire.
670 2813 692 2847 ξ.
710 2821 730 2838 ῐ.
756 2813 839 2844 Sane,
859 2816 889 2837 ut
902 2812 954 2837 hoc
968 2812 1040 2837 salu-

101 2850 178 2876 tare2
195 2854 331 2876 statutum
348 2847 524 2874 commodius
541 2847 634 2874 valeat
655 2847 808 2880 observari,
827 2846 979 2873 districtius
1001 2846 1041 2872 in-

170 2937 228 2961 Tit.
245 2936 334 2961 xvn.
363 2937 432 2968 cap.
450 2936 470 2960 1.

384 249 492 275 SEXTI
509 248 720 275 DECRETAL.
740 248 805 274 LIB.
825 248 856 274 II.
875 248 946 274 TIT.
966 247 1140 274 XV—XVII.
1159 248 1211 273 DE
1229 247 1430 274 RELIGIOSIS
1450 248 1627 274 DOMIBUS.
1646 255 1670 273 c.
1692 256 1713 274 1.

1941 246 2007 272 1054

1068 326 1207 359 bibemus,
1220 334 1256 352 ne
1273 326 1301 352 in
1318 326 1493 352 monasteriis
1509 325 1639 352 ordinum
1656 333 1711 351 non
1724 323 1944 351 Mendicantium
1957 323 2004 349 ali-

1070 369 1141 394 quae
1155 361 1324 395 recipiantur
1337 361 1372 387 de
1385 366 1479 387 cetero
1493 361 1520 386 in
1538 369 1658 393 sorores,
1671 360 1724 385 nisi
1739 364 1806 393 quot
1824 363 1955 393 poterunt
1969 358 2005 384 de

1068 395 1191 429 ipsorum
1221 395 1456 421 monasteriorum
1484 395 1566 421 bonis
1596 395 1654 421 sive
1684 394 1867 428 proventibus
1896 393 2006 426 absque

1069 430 1184 468 penuria
1195 430 1354 462 sustentari,
1365 430 1388 455 si
1398 438 1479 456 secus
1490 434 1583 456 actum
1593 429 1800 461 fuerit‚irritum
1811 429 2005 454 decernentes.

1068 466 1089 498 ς.
1104 473 1127 490 2.
1151 465 1256 490 Verum
1270 464 1382 498 quando
1402 465 1546 490 abbatissa
1565 465 1607 490 vel
1626 464 1759 498 priorissa
1776 463 1896 488 cuiusvis
1909 470 2005 487 mona-

1069 499 1145 524 sterii
1168 507 1218 532 pro
1241 499 1336 531 feudo,
1355 498 1431 532 quod
1448 499 1650 524 monasterium
1667 498 1758 532 ipsum
1773 502 1849 524 tenet
1862 497 1898 522 ab
1911 497 2006 530 aliquo

1070 533 1195 567 principe
1213 542 1262 559 seu
1281 533 1394 559 domino
1410 533 1567 567 temporali,
1581 533 1633 558 sibi
1653 533 1769 558 debebit
1785 531 1949 565 homagium
1961 530 2007 556 vel

1070 567 1212 593 fidelitatis
1226 572 1433 594 sacramentum
1446 572 1600 601 praestare,
1612 567 1682 601 (nisi,
1694 567 1770 600 quod
1782 575 1833 600 per
1845 570 2006 600 procurato-

1069 611 1128 628 rem
1142 602 1210 627 illud
1223 607 1355 636 praestet,
1369 603 1459 636 possit
1473 602 1585 628 efficere
1598 602 1673 636 apud
1687 602 1770 634 eum,)
1786 601 1821 626 de
1834 599 2005 626 monasterio

1070 645 1133 662 cum
1155 637 1275 662 honesta
1297 642 1325 663 et
1346 636 1457 662 decenti
1484 637 1619 662 societate
1649 636 1723 662 exire
1752 635 1856 669 poterit
1881 643 1915 660 eo
1940 642 2006 660 casu

1070 671 1195 703 licenter,
1206 671 1337 704 homagio
1348 671 1431 703 facto,
1443 679 1527 704 quam
1540 671 1660 704 primum
1671 669 1819 695 commode
1834 669 1946 704 poterit,
1957 676 2006 694 seu

1071 705 1213 731 fidelitatis
1236 706 1372 739 praestito
1397 710 1573 730 sacramento
1595 705 1632 730 ad
1657 705 1748 738 ipsum
1769 703 1969 729 monasterium
1991 711 2007 728 e

1070 740 1188 773 vestigio
1210 748 1365 772 reversura,
1387 740 1436 771 sic,
1457 739 1534 773 quod
1556 739 1583 764 in
1606 739 1732 764 fraudem
1754 738 1924 764 residentiae
1949 738 2008 763 sive

1070 783 1166 800 morae
1179 775 1335 800 claustralis
1348 774 1415 799 nihil
1429 774 1477 799 fiat
1490 774 1613 799 omnino.
1638 773 1658 807 ξ.
1670 782 1694 806 3.
1716 774 1812 805 Porro,
1822 781 1857 799 ne
1870 770 2018 798 moniales'

1070 818 1183 835 causam
1197 817 1247 835 seu
1266 809 1443 834 occasionem
1460 808 1583 834 habeant
1596 808 1743 841 evagandi,
1757 808 1896 841 principes
1911 814 2007 832 saecu-

1070 844 1142 869 lares
1159 852 1192 869 ac
1210 844 1279 869 alios
1300 843 1429 869 dominos
1452 843 1623 876 temporales
1640 850 1781 876 rogamus,
1794 842 1961 875 requirimus
1979 845 2008 866 et

1070 879 1251 904 obsecramus
1263 887 1313 912 per
1323 878 1431 903 viscera
1440 877 1650 903 misericordiae
1662 878 1723 902 lesu
1735 876 1847 908 Christi,
1859 875 1967 902 eisdem
1980 876 2008 900 in

1070 913 1264 939 remissionem
1281 912 1473 946 peccaminum
1491 911 1671 937 nihilominus
1690 910 1851 943 suadentes,
1865 910 1942 944 quod
1959 910 2006 935 ab·

1069 948 1191 973 batissas
1211 947 1286 981 ipsas
1300 952 1327 972 et
1345 946 1494 980 priorissas
1508 954 1540 971 ac
1557 946 1693 971 moniales
1707 953 1899 979 quascunque,
1912 953 2008 970 mona-

1069 982 1217 1008 steriorum
1228 990 1342 1007 suorum
1353 989 1455 1013 curam,
1467 980 1738 1006 administrationem
1748 980 1897 1013 negotiave
1910 987 2008 1012 geren-

1070 1021 1121 1049 tes,
1140 1017 1354 1051 quibuscunque
1371 1015 1530 1041 nominibus
1548 1019 1725 1046 censeantur,
1744 1022 1794 1048 per
1811 1018 2008 1048 procuratores

1069 1051 1097 1076 in
1108 1051 1164 1077 suis
1175 1050 1360 1076 tribunalibus
1373 1058 1422 1075 seu
1433 1049 1515 1075 curiis
1526 1049 1636 1082 litigare
1649 1049 1823 1083 permittant,
1833 1056 1868 1074 ne
1881 1056 1932 1082 pro
1943 1056 2008 1073 con-

1069 1085 1219 1111 stituendis
1232 1084 1469 1119 procuratoribus,
1484 1083 1531 1117 qui
1547 1084 1667 1109 atornati
1684 1083 1713 1108 in
1725 1083 1865 1116 aliquibus
1882 1082 2009 1116 partibus

1069 1124 1274 1154 nuncupantur,
1288 1127 1339 1144 seu
1356 1119 1417 1144 aliis
1434 1118 1595 1144 huiusmodi
1612 1118 1729 1144 easdem
1744 1121 1873 1151 oporteat
1887 1117 2009 1150 evagari.

1069 1156 1097 1181 Si
1112 1155 1158 1188 qui
1174 1163 1243 1180 vero
1261 1158 1358 1179 contra
1375 1153 1625 1187 praesumpserint,
1644 1152 1833 1178 exhortationi
1850 1151 2010 1177 huiusmodi

1069 1189 1226 1215 rationabili
1237 1192 1322 1222 atque
1332 1192 1446 1213 sanctae
1457 1188 1654 1221 obtemperare
1664 1187 1804 1218 nolentes,
1816 1195 1902 1219 quum
1913 1186 1948 1211 sit
1959 1185 2009 1211 iuri

1070 1223 1247 1255 contrarium,
1270 1222 1347 1256 quod
1367 1222 1508 1254 mulieres,
1531 1222 1697 1256 praesertim
1721 1221 1882 1254 religiosae,
1904 1228 1955 1254 per
1979 1228 2010 1245 se

1071 1259 1145 1293 ipsas
1159 1258 1270 1291 litigare
1284 1261 1429 1290 cogantur,
1443 1256 1506 1282 et3*
1523 1265 1539 1282 a
1551 1256 1596 1282 via
1609 1256 1708 1282 deviet
1724 1255 1880 1281 honestatis
1893 1259 1921 1280 et
1938 1255 2010 1288 peri-

1070 1293 1163 1319 culum
1175 1293 1330 1318 animarum
1348 1291 1470 1323 inducat,
1483 1291 1519 1316 ad
1537 1291 1590 1316 hoc
1607 1299 1658 1325 per
1673 1299 1738 1316 suos
1753 1290 1908 1315 ordinarios
1922 1289 2009 1315 eccle-

1070 1327 1198 1353 siasticos
1232 1334 1351 1352 censura
1384 1325 1576 1351 ecclesiastica
1607 1325 1820 1359 compellantur.
1860 1323 2010 1358 Episcopis

1069 1366 1165 1388 autem
1178 1366 1206 1387 et
1218 1361 1279 1386 aliis
1292 1360 1424 1394 praelatis
1439 1360 1628 1394 superioribus
1642 1360 1687 1385 et4
1705 1359 1881 1385 inferioribus
1896 1358 2009 1392 quibus-

1070 1404 1180 1430 cunque
1197 1395 1377 1428 iniungimus,
1396 1395 1472 1428 quod
1489 1399 1517 1420 et
1535 1394 1588 1428 ipsi
1607 1402 1705 1420 causas
1723 1402 1773 1420 seu
1791 1393 1914 1427 negotia,
1938 1400 2010 1426 quae

1070 1430 1214 1465 praefatae
1227 1429 1364 1455 moniales
1377 1429 1522 1455 habebunt
1533 1437 1620 1462 agere
1633 1437 1727 1454 coram
1743 1428 1811 1462 ipsis
1824 1432 1871 1454 aut
1885 1428 1912 1452 in
1926 1427 2008 1452 curiis

1071 1465 1236 1497 eorundem,
1247 1464 1306 1490 sive
1320 1464 1375 1489 sint
1387 1464 1528 1497 homagia,
1539 1463 1681 1489 fidelitatis
1692 1467 1877 1494 sacramenta,
1888 1462 1951 1487 lites
1964 1461 2010 1487 vel

1072 1499 1206 1534 quicquid
1219 1499 1303 1531 aliud,
1318 1499 1380 1532 ipsa
1398 1507 1449 1532 per
1466 1502 1661 1532 procuratores
1679 1506 1775 1524 earum
1792 1497 1852 1523 fieri
1866 1496 1969 1522 faciant
1982 1500 2011 1521 et

1071 1534 1193 1560 tractari.
1229 1533 1250 1568 ξ.
1264 1542 1289 1565 4.
1313 1534 1349 1558 Et
1367 1533 1500 1566 quoniam
1521 1541 1621 1567 parurn
1638 1537 1714 1558 esset
1732 1532 1854 1558 condere
1872 1532 1939 1563 iura,
1957 1530 2011 1556 nisi

1072 1574 1167 1595 essent
1181 1569 1228 1602 qui
1242 1577 1276 1594 ea
1289 1567 1460 1594 exsecutioni
1474 1567 1587 1593 debitae
1601 1567 1814 1593 demandarent:
1837 1565 2011 1600 patriarchis,

1072 1604 1249 1638 primatibus,
1261 1602 1481 1636 archiepiscopis
1495 1606 1524 1627 et
1541 1602 1682 1636 episcopis
1696 1601 1832 1627 universis
1847 1600 1970 1626 districte
1983 1599 2011 1624 in

1071 1639 1173 1664 virtute
1187 1642 1300 1664 sanctae
1314 1636 1495 1662 obedientiae
1508 1637 1560 1662 sub
1574 1636 1763 1662 obtestatione
1776 1635 1862 1660 divini
1875 1634 1969 1660 iudicii
1983 1638 2012 1659 et

1072 1673 1298 1699 interminatione
1322 1671 1529 1697 maledictionis
1555 1675 1687 1697 aeternae
1709 1669 1909 1704 praecipiendo
1934 1676 2011 1694 man-

1073 1708 1182 1739 damus,
1197 1712 1335 1741 quatenus
1350 1714 1448 1731 eorum
1462 1706 1581 1739 quilibet
1598 1706 1625 1731 in
1638 1705 1750 1731 civitate
1763 1713 1796 1730 ac
1809 1703 1933 1730 dioecesi
1947 1711 2010 1737 pro-

1072 1742 1133 1776 pria
1146 1742 1173 1767 in
1191 1741 1368 1767 monasteriis
1385 1740 1548 1766 monialium
1565 1740 1617 1766 sibi
1640 1740 1781 1766 ordinario
1801 1739 1860 1764 iure
1878 1738 2011 1764 subiectis

1073 1785 1133 1809 sua,
1146 1777 1174 1802 in
1188 1776 1219 1802 iis
1233 1784 1310 1808 vero,
1325 1783 1398 1809 quae
1415 1775 1452 1800 ad
1465 1775 1623 1800 Romanam
1640 1774 1803 1800 immediate
1820 1777 1949 1807 spectant
1966 1780 2010 1798 ec-

1072 1811 1196 1843 clesiam,
1211 1811 1287 1837 sedis
1305 1809 1478 1844 apostolicae
1495 1810 1671 1841 auctoritate,
1689 1809 1807 1834 abbates
1824 1816 1890 1833 vero
1910 1811 1938 1833 et
1955 1806 2011 1838 alii,

1073 1851 1129 1872 tam
1143 1845 1266 1879 exempti
1280 1853 1365 1878 quam
1377 1852 1433 1869 non
1447 1844 1570 1878 exempti
1583 1844 1700 1878 praelati
1714 1842 1903 1874 ecclesiarum,
1916 1849 2011 1867 mona-

1073 1881 1222 1906 steriorum
1235 1884 1263 1905 et
1281 1879 1411 1905 ordinum
1429 1887 1669 1912 quorumcunque,
1683 1878 1710 1903 in
1727 1877 1903 1903 monasteriis
1917 1876 2011 1901 huius-

1073 1915 1168 1941 modi5
1190 1915 1243 1940 sibi
1263 1914 1397 1940 subiectis
1417 1913 1452 1939 de
1470 1914 1599 1939 clausura
1617 1912 1804 1944 convenienti,
1821 1911 1869 1937 ubi
1886 1919 1941 1936 non
1959 1914 2011 1942 est,

1073 1950 1199 1984 ipsorum
1215 1948 1468 1975 monasteriorumss
1485 1949 1615 1981 expensis
1629 1952 1657 1973 et
1672 1947 1797 1973 fidelium
1814 1945 2011 1978 eleemosynis,

1074 1993 1143 2018 quas
1167 1984 1204 2009 ad
1228 1984 1282 2009 hoc
1307 1987 1466 2017 procurent,
1491 1982 1653 2016 diligentius
1675 1981 1815 2013 facienda,
1837 1985 1865 2006 et
1888 1980 1923 2006 de
1945 1979 2012 2013 ipsis

1072 2019 1241 2044 monialibus
1264 2017 1439 2044 includendis
1462 2025 1547 2051 quam
1568 2017 1688 2051 primum
1710 2015 1859 2042 commode
1880 2018 2012 2049 poterunt

1074 2053 1223 2087 providere
1249 2056 1409 2086 procurent,
1437 2051 1460 2077 si
1486 2051 1597 2077 divinae
1619 2059 1651 2076 ac
1676 2055 1788 2076 nostrae
1812 2049 2012 2083 indignationis

1073 2087 1211 2113 voluerint
1223 2087 1406 2113 acrimoniam
1420 2086 1535 2118 evitare,
1549 2086 1770 2111 contradictores
1789 2089 1874 2118 atque
1893 2083 2012 2110 rebelles

1074 2131 1124 2156 per
1146 2130 1292 2148 censuram
1315 2121 1534 2147 ecclesiasticam
1555 2120 1745 2154 appellatione
1762 2118 1921 2153 postposita
1938 2126 2012 2143 com·

1074 2156 1227 2191 pescendo,
1245 2155 1392 2181 invocatoT
1410 2155 1446 2180 ad
1464 2155 1527 2187 hoc,
1545 2155 1568 2180 si
1587 2163 1658 2189 opus
1676 2154 1769 2186 fuerit,
1784 2153 1884 2179 auxilio
1906 2152 2011 2178 brachii

1074 2191 1233 2217 saecularis.
1258 2191 1310 2216 Per
1322 2191 1376 2216 hoc
1390 2194 1484 2215 autem
1498 2190 1525 2214 in
1538 2189 1716 2215 monasteriis
1730 2188 1867 2222 exemptis
1882 2186 2012 2213 ordinarii

1073 2226 1199 2251 locorum
1221 2225 1315 2259 quoad
1332 2225 1386 2250 alia
1403 2224 1507 2249 nullam
1525 2224 1578 2250 sibi
1596 2224 1711 2250 credant
1729 2223 1948 2249 iurisdictionem
1966 2221 2012 2246 vel

1073 2265 1245 2295 potestatem
1258 2260 1436 2294 aliquatenus
1450 2258 1624 2285 attributam.

1372 2331 1597 2360 TITULUS
1623 2330 1716 2359 XV11.

1270 2385 1326 2410 DE
1349 2384 1593 2411 RELIGIOSIS
1617 2384 1819 2410 DOMIBUS.

1478 2446 1550 2466 CAP.
1566 2446 1618 2465 UN.

1073 2481 1123 2499 Non
1143 2480 1195 2499 licet
1210 2485 1292 2499 novum
1307 2480 1410 2499 ordinem
1424 2481 1460 2499 vel
1474 2481 1614 2505 religionem,
1634 2482 1672 2499 aut
1690 2479 1790 2498 habitum
1810 2484 1881 2497 novae
1900 2477 2015 2501 religionis

1074 2512 1150 2525 creare
1165 2508 1187 2525 et
1200 2512 1321 2525 assumere.
1349 2507 1378 2525 Et
1393 2507 1491 2525 revocati
1506 2509 1557 2525 sunt
1571 2507 1661 2525 ordines
1676 2505 1859 2528 Mendicantium,
1879 2510 1918 2527 per
1932 2504 2014 2527 Papam

1073 2538 1118 2550 nou
1141 2532 1270 2556 approbati,
1293 2533 1363 2551 creati
1386 2534 1435 2556 post
1458 2533 1588 2551 concilium.
1625 2532 1764 2551 Dominicns.
1785 2541 1808 2544 —
1827 2533 1845 2551 ς·
1865 2532 1882 2548 1.
1907 2530 2014 2553 Itcligiosi

1073 2558 1235 2581 mendicantes,
1250 2563 1290 2581 per
1304 2558 1386 2582 Papam
1401 2560 1451 2582 post
1467 2559 1589 2577 concilium
1603 2558 1719 2581 approbati
1730 2559 1751 2575 ct
1761 2557 1856 2575 instituti
1867 2562 1912 2574 non
1923 2557 2014 2579 possunt

1073 2584 1170 2608 aliquem
1185 2584 1212 2603 ad
1227 2585 1389 2607 professionem
1405 2585 1512 2608 recipere,
1533 2584 1622 2602 domum
1638 2583 1672 2602 vel
1688 2583 1760 2601 locuni
1776 2582 1803 2600 ile
1817 2587 1875 2600 novo
1891 2582 2012 2604 acquirere,

1073 2614 1115 2628 nee
1125 2610 1236 2633 acquisita
1245 2610 1294 2629 sine
1308 2610 1401 2629 licentia
1410 2611 1517 2633 alienare,
1532 2616 1573 2629 uec
1585 2609 1696 2628 extrancis
1711 2608 1847 2632 praedicare,
1862 2607 2014 2625 confessiones

1073 2641 1150 2654 eorum
1161 2636 1246 2656 audire,
1257 2636 1293 2654 vel
1303 2636 1332 2654 ad
1342 2636 1478 2660 sepulturam
1489 2636 1615 2655 admittere.
1640 2635 1667 2653 Et
1679 2636 1757 2653 contra
1767 2635 1847 2652 tactum
1859 2639 1903 2651 non
1914 2634 1981 2652 tenet.
1993 2635 2015 2650 ct

1074 2663 1152 2680 contro.
1166 2662 1250 2680 faciens
1265 2662 1471 2681 excommunicatus
1485 2664 1525 2680 est.
1558 2662 1584 2680 H.
1600 2661 1620 2679 sl.
1636 2660 1775 2679 Dominivus.
1792 2670 1815 2672 —
1829 2661 1847 2681 ξ.
1858 2661 1876 2677 ι’.
1893 2659 2015 2677 Rev-»catio

1074 2688 1178 2706 ordinum
1193 2687 1371 2706 Mendicantium
1382 2688 1559 2707 Praedicatores.
1576 2688 1680 2707 Minores.
1696 2686 1837 2704 Erumitanos
1852 2687 1873 2702 ut
1884 2684 2016 2703 Carinclitas

1074 2719 1120 2732 non
1136 2714 1313 2737 comprehendit.
1342 2715 1391 2733 Hoc
1406 2714 1460 2732 dicit
1478 2714 1618 2732 Doniinicus.
1630 2722 1653 2725 e-
1668 2714 1686 2733 ς’.
1697 2713 1716 2729 3.
1727 2712 1843 2729 Exsistens
1857 2710 1884 2728 sle
1899 2710 2015 2729 ordinibus

1074 2740 1184 2759 revocatis
1195 2745 1240 2758 non
1251 2740 1404 2764 collegialiter,
1421 2739 1459 2758 sed
1474 2739 1617 2763 singulariter
1627 2738 1654 2757 ad
1664 2737 1720 2756 alios
1731 2737 1821 2756 ordines
1831 2736 1925 2755 transire
1935 2738 2015 2760 potest.

1458 2766 1485 2783 H.
1497 2765 1517 2783 d.
1528 2764 1641 2784 Dominio.

1094 2803 1287 2837 Gregorius
1306 2803 1340 2830 X.
1361 2803 1392 2828 in
1411 2802 1559 2828 concilio
1579 2799 2000 2834 ge11eraliL11gdu11ensia.

1144 2847 1325 2881 Religionum
1346 2845 1538 2872 diversitatem
1560 2844 1684 2877 nimiam,
1704 2851 1740 2870 ne
1762 2842 1956 2869 confusionem
1977 2843 2017 2868 in-

509 2934 533 2967 a)
548 2942 568 2959 c.
586 2942 627 2967 23.
643 2934 720 2959 Cone.
734 2933 816 2966 Luqd.
832 2934 867 2958 11.
884 2932 998 2966 (1274.);
1010 2947 1043 2951 -
1078 2932 1144 2959 IlIaz'.
1156 2934 1187 2959 A.
1199 2935 1244 2958 IV.
1259 2932 1359 2966 (1298.)
1373 2932 1454 2957 (lenito
1464 2930 1605 2965 publicavit
1617 2930 1684 2955 hisce
1696 2929 1790 2955 verba:
1804 2931 1926 2955 Tenorein
1939 2931 2018 2955 cuius-

102 2970 128 2996 t'n
142 2971 230 3004 Comp.
249 2979 270 2996 c.
288 2978 308 2996 1.
329 2970 351 2995 Iz.
365 2974 398 3001 t.‚·
416 2969 493 2995 Hanc
510 2969 675 2995 Deci-etalem
691 2968 780 3000 Bonis.
799 2969 876 2993 VIII.
898 2969 948 2993 111.
970 2967 1041 2993 Non.
1078 2969 1136 2993 dam
1153 2969 1335 2994 constitutionis
1352 2968 1432 2992 editae
1449 2976 1464 2991 a
1481 2967 1521 2991 sel.
1542 2975 1587 2991 rec.
1609 2967 1729 2998 Gregorio
1748 2966 1774 2990 l’.
1791 2966 1824 2990 X.
1845 2966 1928 2998 praed.
1948 2973 1972 2990 n.
1993 2966 2019 2990 in

153 3049 206 3068 Tit.
221 3049 281 3069 XIV.
309 3049 371 3073 Cap.
385 3048 424 3068 VI.
452 3047 472 3072 1)
483 3049 578 3072 spectet:
593 3047 654 3066 Codd.
665 3046 711 3066 coll.

153 3075 206 3094 Tit.
221 3075 268 3095 XV.
301 3074 363 3099 Cap.
378 3080 416 3093 un.
444 3074 464 3098 1)
475 3074 558 3093 Bitun:
572 3072 600 3095 A,-
615 3073 705 3093 Biteir.:
721 3072 745 3093 C:
760 3071 899 3091 nitur-censi:
914 3070 932 3090 F

102 3100 172 3125 cepit:
187 3099 298 3124 ABGEFffi
312 3101 405 3125 accipit:
421 3099 439 3119 D
492 3101 513 3124 3)
523 3099 639 3119 solennius
649 3101 672 3119 et
680 3104 751 3119 man-z
766 3097 799 3117 Aa
978 3070 999 3096 2)
1009 3077 1044 3091 no-

1130 3046 1184 3066 Tit.
1199 3046 1257 3067 xvi.
1286 3045 1320 3065 Ca
1341 3058 1346 3063 .
1362 3044 1378 3063 1.
1408 3044 1427 3066 1)
1438 3049 1529 3069 gravem
1540 3043 1648 3063 offensam
1658 3043 1710 3062 roh:
1725 3042 1786 3063 codd.
1797 3042 1843 3062 coll.
1887 3042 1908 3067 2)
1917 3042 2019 3062 salubre:

1079 3071 1111 3092 OD
1155 3072 1176 3095 8)
1186 3074 1219 3091 et:
1233 3071 1302 3091 dccst:
1353 3070 1422 3090 col-:F
1463 3071 1484 3093 4)
1496 3072 1518 3089 et
1527 3070 1578 3089 iim:
1593 3069 1660 3089 deest:
1674 3068 1692 3088 A
1735 3069 1824 3093 5)1iui.:
1839 3068 1886 3089 ACG'
1925 3069 1946 3094 G)
1957 3068 2020 3088 add..-

1078 3104 1136 3122 quae
1146 3098 1292 3118 clauduntur:
1306 3097 1326 3115 A
1379 3096 1399 3120 7)
1409 3096 1438 3115 Et
1448 3096 1534 3115 invoca
1549 3095 1582 3115 AC
1873 3113 1879 3119 ‚
