2243 3288
132 218 183 247 853
398 217 608 244 DECRETAL.
628 216 792 244 GREGOR.
812 217 858 243 IX.
877 217 942 243 LIB.
962 216 996 242 V.
1015 216 1085 243 TIT.

133 296 251 333 propriis
265 299 480 328 commorantur,
491 303 535 328 eo,
547 295 622 329 quod
634 296 673 322 eis
687 295 723 322 de
734 295 790 321 suis
801 294 907 328 aliquid
920 294 1068 320 conferunt

132 331 281 363 annuatim,
292 330 330 356 ita
340 330 518 363 emancipare
529 330 711 362 contendunt,
721 334 751 355 ut
761 330 900 363 aliquibus
912 329 1067 355 secundum

134 365 254 399 legem¹⁴
264 369 352 390 terrae
363 364 399 390 de
410 364 463 390 sibi
472 365 590 390 obiectis
601 364 774 398 respondere
784 363 897 389 minime
911 368 1067 389 teneantur.

133 401 245 430 Verum,
257 399 322 432 quia
335 398 512 432 privilegium
525 403 648 424 meretur
661 400 789 424 amittere
804 398 849 432 qui
864 398 1002 432 permissa
1015 398 1067 423 sibi

132 434 253 460 abutitur
273 433 454 466 potestatelb,
472 433 637 459 fraternitati
661 438 724 459 tuae
742 442 790 466 per
812 433 953 465 apostolica
971 433 1067 465 scripta

131 467 306 499 mandamus,
325 471 471 501 quatenus,
489 467 512 492 si
535 476 605 501 quos
625 468 690 493 cleri
710 476 750 499 os,
768 476 811 492 seu
830 467 974 491 sacerdotes
992 467 1068 491 aut¹¹³

132 502 217 528 laicos
230 510 246 527 a
260 501 340 527 dictis
348 501 370 519 17
388 501 520 527 fratribus
538 510 588 535 pro
607 475 771 534 colliggffidis
785 501 973 534 eleemosynis
987 509 1068 527 cruce

133 536 233 562 falsoffl
250 535 375 569 signatos
394 536 541 567 inveneris,
555 536 606 567 his,
621 545 636 562 a
650 536 751 570 quibus
769 536 845 569 ipsos
859 535 961 561 missos
976 536 1068 561 esselu

131 570 295 601 constiterit,
308 578 359 604 per
372 574 460 595 totam
474 571 647 604 provinciam
661 576 736 596 tuam
753 575 844 595 nostra
861 570 943 602 fretus
956 570 1067 594 ‹luctori-

132 609 182 630 tate
194 604 395 630 exhortationis
408 605 553 629 huiusmodi
564 605 687 630 officium
700 604 859 636 interdicas,
869 604 970 629 missos
984 605 1067 634 etiam,

131 639 153 664 si
175 639 236 664 laici
262 638 373 670 fuerint,
396 639 690 664 excommunicationis
715 647 848 664 mucrone
873 639 1019 672 percellas,
1044 639 1066 663 si

130 673 220 699 clerici
234 674 272 698 vel
282 673 426 706 presbyteri
436 672 540 705 fuerint,
554 674 590 699 ab
605 673 698 699 officio
712 673 937 706 beneficioque-’⁰
950 681 1068 706 suspen-

130 708 190 739 das,
207 707 283 732 nullo
306 716 419 741 prorsus
438 708 574 741 privilegii
593 707 731 734 beneficio
749 708 792 733 vel
810 707 1006 741 appellationis
1026 716 1067 733 re-

129 741 222 767 medio
229 742 251 759 ²1
266 742 456 775 praevalente.
493 743 549 767 Eos
562 750 639 773 vero,
654 750 724 776 quos
739 742 765 767 in
783 741 928 775 praedicta
941 742 1068 773 ecclesia,

130 776 193 809 lege
207 776 255 801 tibi
267 776 436 802 dioecesana
446 777 611 808 subiectam,
623 781 687 810 post
698 776 875 802 interdictum
886 781 963 801 tuum
975 776 1068 801 divina

130 810 318 836 celebrare-'³⁸
344 811 519 843 cognoveris,
542 810 673 837 cadens-’⁴
697 819 790 844 poena
811 811 1003 844 suspensionis
1029 811 1067 835 in-

131 844 255 877 volvens,
277 845 305 870 in
326 845 398 877 ea2'5,
421 845 512 871 donec
537 845 716 870 reconciliata
740 845 831 877 fuerit,
857 845 1067 878 quemadmodton

129 888 207 904 sacra
225 879 389 912 praecipiunt
410 880 532 910 instituta,
555 879 647 905 officia
664 888 720 905 non
738 880 884 913 permittas
903 879 1037 905 celebrari
1045 879 1068 896 ²⁰

131 913 237 944 divina;
260 914 441 947 presbyteros
460 914 553 946 etiam,
571 922 726 947 suspensos
744 914 779 939 ab
798 913 939 948 episcopis
958 915 1024 945 suis,
1039 918 1067 939 et

130 956 181 982 per
194 948 352 982 praedictos
359 948 399 966 27*
417 948 516 974 fratres
530 948 566 973 ad
584 948 677 974 officia
689 956 739 974 sua
752 953 858 974 temere
872 948 1026 980 restitutos,
1040 948 1067 973 in

129 983 250 1008 eandem
263 982 431 1008 sententiam
444 983 637 1016 suspensionis
654 988 744 1008 nostra
762 983 843 1014 fretus
856 983 1009 1007 auctoritate
1026 990 1067 1008 re-

131 1016 226 1042 ducas.
262 1017 357 1042 1110528
369 1025 445 1049 vero,
460 1025 530 1051 quos
544 1017 580 1042 ad
593 1017 822 1051 respondendum
839 1017 899 1042 aliis
913 1016 1068 1042 secundum

129 1051 223 1084 legem
244 1055 335 1077 terrae
357 1060 408 1085 pro
431 1051 586 1085 praemissa
608 1060 693 1077 causa
714 1052 872 1077 asserunt²⁴=¹
893 1059 949 1076 non
971 1051 1067 1083 teneri,

130 1086 258 1111 nolumus
277 1086 411 1117 excusari,
429 1086 496 1119 quin
513 1094 563 1112 eos
581 1085 618 1111 ad
639 1086 869 1120 respondendum
886 1085 996 1111 sublato
1019 1094 1067 1119 ap-

130 1119 289 1153 pellationis
312 1120 514 1154 impedimento
537 1121 699 1154 compellas.
737 1120 813 1155 [Dat.
828 1121 887 1146 Lat.
907 1119 933 1145 V.
948 1121 987 1145 Id.
1005 1120 1067 1145 Dec.

133 1162 142 1180 1
150 1153 218 1188 198.]

521 1212 595 1231 CAP.
609 1211 673 1231 XII-¹

130 1245 241 1264 Contenta
259 1246 283 1264 in
302 1246 452 1265 instrumento
470 1247 558 1270 perdito
577 1246 667 1270 probari
685 1248 778 1270 possunt
796 1251 835 1269 per
853 1247 932 1269 testes,
956 1245 993 1269 qui
1012 1245 1068 1264 illud

129 1271 279 1296 perlegerunt,
294 1272 312 1291 si
327 1272 442 1296 deponunt
456 1272 484 1291 de
498 1274 584 1295 tenore,
600 1274 621 1291 et
635 1273 694 1296 quod
709 1274 757 1291 erat
771 1272 820 1291 sine
829 1272 892 1291 vitio.
920 1271 947 1290 H.
959 1272 979 1290 d.
991 1272 1012 1290 et
1023 1276 1067 1290 non

444 1300 477 1318 est
487 1298 543 1318 alibi
553 1303 616 1317 casus
626 1299 657 1317 ita
667 1298 747 1317 clarus.

164 1348 255 1374 Idem
273 1348 399 1375 Abbati
418 1353 451 1375 et
471 1349 662 1375 Conventui
681 1349 709 1374 S.
728 1348 819 1374 Petri
838 1347 1034 1381 Eugubini2.

201 1396 293 1429 Quum
306 1396 372 1421 olim
385 1404 513 1422 essemus
530 1395 607 1430 apud
624 1395 785 1422 Perusium3
803 1395 955 1427 constituti,
968 1395 1013 1421 et4
1030 1399 1068 1427 tu,

131 1429 169 1455 fili
182 1430 280 1462 abbas,
293 1430 472 1464 privilegium
485 1431 566 1456 bonae
578 1431 715 1455 memoriae
728 1430 804 1456 Lucii
815 1431 907 1463 Papae
918 1430 1069 1463 praedeces-

130 1465 196 1489 soris
210 1465 292 1489 nostri
303 1465 384 1490 nobis
398 1465 572 1491 humiliterss*
585 1469 779 1498 praesentans,
792 1464 978 1498 postulaveris
991 1464 1068 1489 inno-

130 1499 201 1524 vari:
223 1504 340 1533 propter
356 1499 607 1525 contradictionem
619 1500 771 1525 venerabilis
783 1499 875 1531 fratris
888 1499 971 1523 nostri
983 1499 1072 1523 Marci

131 1533 271 1567 Eugubini
285 1534 422 1567 episcopi,
432 1534 477 1568 qui
488 1538 548 1559 tunc
561 1535 682 1567 temporis
691 1533 844 1566 supervenit,
855 1532 1006 1558 asserentis
1015 1533 1069 1558 hoc

131 1567 159 1593 in
172 1576 253 1593 suum
266 1568 469 1601 praeiudicium
482 1568 649 1601 redundare,
662 1576 719 1594 non
732 1568 783 1594 fuit
800 1567 912 1594 effectui
929 1567 1069 1601 mancipa-

133 1606 200 1628 tum.
236 1602 408 1637 †[Quumque
430 1604 496 1628 alter
517 1607 626 1628 vestrum
644 1603 673 1627 de
690 1603 771 1628 altero
790 1603 815 1627 in
832 1607 920 1627 nostro
942 1602 1069 1627 auditorio

130 1642 288 1670 quereretur,
306 1638 447 1662 venerabili
462 1637 543 1669 fratri
558 1642 645 1662 nostro
662 1637 802 1662 Assisinati
823 1637 941 1670 episcopo
963 1644 1069 1661 causam

129 1671 175 1696 sub
187 1680 218 1696 ea
235 1671 322 1703 forma
339 1673 511 1697 commisimus
528 1672 690 1703 audiendam,
704 1676 731 1696 ut
743 1680 787 1696 vos
803 1676 826 1696 et
844 1671 895 1696 iam
912 1671 1005 1695 dictum
1018 1671 1069 1703 epi-

129 1714 235 1739 scopum
249 1711 352 1731 curaret
365 1707 400 1731 ad
412 1707 577 1731 concordiam
590 1715 726 1736 revocare,·
747 1706 861 1739 alioquin
875 1705 974 1730 azzdiret
989 1705 1068 1729 utrin-

130 1749 178 1774 que
188 1741 332 1773 proposita,
345 1745 367 1766 et
382 1741 467 1766 omnia
481 1741 506 1766 in
519 1741 622 1774 scriptis
636 1741 758 1773 rediyens,
772 1740 844 1765 nobis
858 1748 1007 1773 processum
1026 1748 1068 1764 ne-

128 1775 193 1808 yotii
201 1775 312 1808 fideliter
325 1780 458 1800 reseraret.
487 1776 537 1804 Qui
547 1784 623 1809 quum
637 1775 735 1800 indulta
749 1775 817 1799 vobis
830 1783 846 1799 a
856 1775 913 1799 sede
926 1774 1069 1806 apostolica

126 1810 264 1843 priuileyia
285 1810 442 1842 inspexisset,
464 1810 598 1841 intellecto,
617 1810 685 1843 quod
705 1809 887 1834 niunasterium
904 1813 1013 1833 vestrum
1036 1809 1071 1833 ad

130 1844 276 1869 Romanam
299 1845 431 1869 ecclesiam
453 1844 598 1877 specialiter
616 1844 763 1877 pertineret,
781 1844 807 1868 in
825 1852 905 1868 causa
927 1852 979 1867 non
1000 1842 1070 1867 duxit

130 1879 247 1909 ulterius,
265 1879 329 1903 sicut
351 1879 504 1912 accepimus,
520 1879 716 1911 procedendum.
755 1880 943 1911 Consequenler
960 1886 1018 1902 vero
1036 1877 1071 1901 ad

131 1913 297 1938 uenerabilem
319 1913 428 1944 fratrem
450 1918 565 1938 nostrum
586 1913 729 1938 Callenscm
751 1913 895 1946 episcopum
912 1916 935 1937 et
952 1912 1068 1936 dilectum

129 1948 212 1981 filium
225 1948 271 1972 Ar.
286 1947 402 1972 abbatem
419 1952 525 1972 sanetae
542 1947 647 1972 illariae
670 1947 749 1972 Vallis
765 1948 852 1980 pontis
870 1947 904 1971 ad
918 1946 1069 1979 postulatio-

130 1990 187 2006 nem
205 1981 325 2015 praefati
344 1983 458 2015 episcopi
476 1982 608 2014 Euqubini
627 1982 716 2006 literae
736 1986 842 2006 nostrae
865 1981 970 2013 suerunt
994 1989 1070 2013 super

131 2017 224 2041 mutuis*
254 2016 444 2049 quaestionitms
472 2017 620 2042 destinatae.
661 2016 715 2041 Sed
740 2016 801 2049 quia
826 2016 953 2049 pendente
977 2015 1069 2039 iudicio

130 2051 259 2076 Iohannes
271 2051 410 2076 monachus
424 2051 567 2083 pricileqia,
582 2051 684 2075 chartas
702 2051 769 2075 alias
782 2054 804 2075 et
822 2051 968 2075 thesaurum
982 2057 1070 2073 mona-

130 2085 203 2110 sterii
218 2085 294 2110 vestri
310 2085 404 2118 rapuit,
423 2090 453 2115 te,
472 2085 559 2115 abbaS,
578 2085 612 2110 ad
633 2089 746 2110 nostram
765 2085 876 2117 oportuit
896 2084 1070 2117 praesentiam

130 2120 220 2144 iterum
242 2120 369 2150 laborare,
390 2120 432 2144 ubi
447 2120 536 2144 literas
553 2119 701 2152 impetrasti,
719 2120 788 2152 quod
801 2127 849 2152 per
867 2119 1069 2143 ezcnmmunica-

127 2155 205 2188 'tiorn's
230 2155 389 2185 sententiam,
417 2154 461 2188 qui
485 2154 515 2178 de
539 2154 674 2178 amissione
696 2154 825 2186 privileyii
846 2153 940 2178 scirent
966 2153 1070 2186 aliquid,

131 2193 282 2221 coqcrentur
306 2189 390 2213 dicere
416 2189 552 2213 ceritatem.
589 2189 641 2213 Sed
664 2188 786 2221 quoniam
810 2196 890 2221 neque
914 2187 951 2211 sic
975 2187 1070 2211 amissa

129 2223 235 2256 potuisti
242 2223 378 2256 privileyia
393 2223 512 2256 reperire,
527 2223 562 2247 ad
573 2231 620 2247 nos
632 2223 713 2247 denuo
727 2231 753 2247 es
767 2220 902 2256 reversus]
932 2221 974 2247 Te
987 2221 1071 2254 igitur

102 2264 105 2267 ·
132 2266 188 2282 cum
202 2258 303 2282 testibus
317 2258 366 2282 tuis
384 2261 411 2283 et
426 2256 543 2290 praefati
557 2256 683 2290 episcopi
697 2256 828 2289 Euqubim'
843 2255 1069 2290 procuratoribus

131 2292 159 2317 in
173 2297 268 2317 nostra
281 2291 441 2326 praesentia
454 2291 621 2323 constitutis,
635 2292 724 2315 dilecto
739 2291 795 2324 filio
808 2295 896 2315 nostro
914 2290 979 2315 B.⁶·
997 2289 1070 2315 basi-

131 2327 201 2352 licae
225 2327 285 2352 XII.
310 2326 513 2360 Apostolorum
537 2325 703 2359 presbytero
729 2325 862 2350 cardinali
888 2324 1018 2350 dedimus
1043 2324 1070 2349 in

131 2361 282 2393 mandatis,
295 2365 325 2386 ut
338 2368 424 2394 super
437 2359 589 2386 amissione
601 2368 633 2385 ac
647 2364 745 2385 tenore
758 2359 969 2393 privilegiorum
982 2362 1069 2384 testes

130 2395 269 2429 reciperet
279 2395 420 2427 diliyenter,
432 2402 503 2428 quos
515 2394 649 2420 duceresT
660 2393 857 2427 producendos
864 2395 884 2425 ὅ,
895 2393 942 2426 qui
956 2393 1072 2417 nzandati

131 2430 216 2454 nostri
230 2430 338 2462 diliqens
359 2434 492 2454 exsecutor
512 2429 690 2461 praesentibus
707 2427 837 2461 praefatis
856 2427 1070 2461 procuratoribus

132 2464 252 2490 fideliter
268 2463 378 2497 redegit
400 2463 427 2488 in
445 2463 555 2496 scriptis
573 2462 765 2496 depositiones
783 2463 818 2487 X.
836 2462 950 2488 testium
968 2461 1069 2487 iurato-

131 2507 201 2531 rum,
213 2506 332 2532 quorum
342 2497 566 2531 depositionibus
577 2497 724 2531 publicatis
735 2497 787 2521 iam
798 2496 864 2522 dicti
875 2500 1069 2529 procuratores

131 2533 168 2559 ad
189 2532 387 2567 producendos
410 2536 497 2558 testes
515 2532 636 2565 episcopi,
654 2539 705 2565 per
722 2539 791 2564 quos
810 2531 939 2556 inductos
957 2539 973 2555 a
991 2535 1070 2564 parte

131 2567 250 2594 adversa
279 2567 461 2600 repellerent,
486 2566 611 2591 inducias
636 2565 824 2599 postularunt;
856 2573 925 2598 quas
953 2565 1069 2598 praefixo

131 2603 238 2627 termino
248 2602 421 2636 peremptorio
434 2600 486 2626 sub
500 2609 534 2626 eo
549 2605 646 2626 tenore
660 2600 712 2625 illis
724 2599 852 2625 duximus
863 2598 1070 2630 concedendas,

133 2641 162 2662 ut
179 2637 256 2670 apud
278 2636 378 2662 sedem
399 2635 584 2669 apostolicam
606 2634 758 2668 probarent
776 2641 849 2668 quae
870 2633 983 2666 vellent,
1005 2633 1070 2659 ubio

182 2749 236 2768 Tit.
250 2748 352 2768 XXXIII.
380 2748 442 2772 Cap.
456 2748 494 2766 XI.
535 2747 568 2771 14)
579 2749 603 2766 ut
615 2747 666 2766 aliis
680 2747 802 2766 secundum
817 2746 877 2770 leges
890 2747 974 2765 terrae:
994 2746 1009 2765 C
1020 2745 1070 2770 Πομ.

131 2774 164 2797 15)
173 2775 289 2794 libertate:
304 2773 351 2798 Κεφ.
413 2774 446 2797 16)
456 2779 507 2793 seu:
522 2774 547 2793 07)
608 2774 641 2797 17)
652 2773 783 2806 praedictis}
798 2772 868 2796 cam.
923 2772 956 2794 18>
966 2772 1032 2802 salua:
1046 2772 1071 2791 Cb

131 2800 166 2849 ¹1⁹³>
174 2800 304 2846 usati?
314 2799 362 2850 {a
407 2798 791 2848 233321'2‘12322222⁰Zv⁰1¹15³53352052255⁶
830 2825 853 2843 24
865 2796 1072 2847 {tuffiffnfftfflctffgt

131 2853 164 2875 25)
175 2852 265 2871 eudem:
279 2852 304 2871 Cb
357 2852 391 2875 26)
402 2852 528 2871 celebrare:
544 2851 594 2875 Caylt
649 2850 682 2874 27)
693 2851 775 2869 dictos:
790 2849 835 2868 For·
867 2855 897 2874 ey.
953 2849 987 2873 28)
997 2849 1072 2868 Alton:

132 2878 147 2897 0
154 2878 201 2902 lisy.
258 2878 292 2901 29)
302 2878 395 2897 assei-Is:
410 2878 456 2901 0511.

184 2904 246 2928 Cup.
260 2904 310 2922 XII.
338 2904 358 2927 1)
368 2902 499 2923 Restttutum
509 2908 532 2921 cz
541 2902 590 2926 Rea.
602 2901 649 2921 Bal.
662 2902 688 2926 11,
700 2902 743 2922 79.:
753 2900 816 2920 Azan.
826 2902 846 2920 2.
857 2901 885 2924 (2,
893 2899 947 2923 11.);
958 2900 1072 2925 Comp.m.

132 2934 149 2948 c,
163 2930 182 2948 2.
196 2929 217 2948 h.
232 2929 287 2954 145,
299 2928 339 2952 16.)
409 2930 430 2953 2>
440 2930 554 2953 Eguben.:
569 2928 597 2949 F.-
612 2928 720 2952 Egubins
736 2926 828 2951 GCabcq:
842 2927 950 2946 Rainerlo
960 2927 1008 2950 (Ra
1023 2925 1072 2950 Cab)

133 2955 208 2974 abbati
218 2957 273 2974 eto.:
288 2955 326 2974 cata
336 2954 378 2979 Bw
392 2961 399 2976 ,·
410 2965 432 2968 —-
442 2954 539 2974 Poltlaasl
552 2959 586 2973 no.
598 2955 642 2973 720.
690 2953 710 2975 3)
721 2953 866 2972 Perusinum:
882 2952 919 2976 (ῃΙι
967 2951 990 2975 4)
1000 2953 1023 2971 tu
1034 2965 1039 2970 .
1050 2965 1055 2971 .
1066 2965 1072 2971 .

133 2982 302 3004 repraesentans
312 2982 333 3000 et
343 2981 458 3005 postulans
468 2981 523 3000 illud
534 2980 664 3004 suppliciter
673 2979 786 3003 innovari,
796 2978 854 3002 quod
866 2980 956 3002 proptor
966 2979 1037 2997 contr.
1044 2990 1049 2996 .
1056 2990 1072 2997 ..

473 3007 515 3026 hoe
539 3007 562 3025 in
585 3011 649 3024 suum
668 3010 742 3028 praec.
765 3004 891 3024 redundare
914 3006 969 3023 ote:
992 3003 1008 3022 C
1023 3003 1071 3026 Rea.

495 3032 516 3055 ὓ)
527 3032 562 3050 ἴῃ
577 3030 745 3054 FGHILNCaqh:
760 3030 844 3049 Pau‹1.:
858 3029 920 3054 Ray„-
934 3029 1005 3080 deest&
1018 3028 1073 3060 ltebr-

1015 3055 1072 3075 nisi:

133 3007 252 3025 asserentis
271 3006 394 3031 (assei-ens:
418 3006 454 3030 Ch)

133 3031 154 3053 5)
164 3031 236 3053 hum.:
251 3031 319 3051 deest:
333 3031 421 3051 Fami(

134 3056 154 3082 7)
164 3058 256 3082 utraque
265 3063 316 3083 pars
326 3058 430 3078 duceret:
445 3058 471 3078 Cb
511 3058 532 3083 ὅ)
541 3057 605 3083 prod.
616 3058 653 3082 (Et
663 3055 742 3082 ὶηίῐαε)
753 3056 853 3077 Mandrai
863 3057 918 3077 etc-²
933 3056 948 3075 C

1105 216 1230 243 XXXIII.
1250 216 1300 243 DE
1318 216 1533 243 PRIVILEGIIS
1553 220 1604 243 etc.
1624 224 1648 243 c.
1670 223 1707 243 12.
1730 223 1768 249 13.
1989 212 2042 242 854

1103 304 1172 321 onus
1194 295 1367 329 probationis
1389 303 1453 329 pars
1475 295 1563 321 altera
1584 294 1725 321 subiisset.
1761 294 1806 328 (Et
1827 292 1953 326 infra-FO
1976 293 2035 318 Nos

1102 338 1178 362 vero,
1196 335 1252 355 tam
1274 338 1324 364 per
1345 329 1538 363 depositiones
1562 329 1674 355 testium
1696 337 1780 363 quam
1798 337 1846 362 per
1867 327 2037 354 assertiones

1103 365 1277 397 quorundam
1296 364 1410 390 fratrum
1428 369 1586 390 nostrorum
1605 364 1710 397 liquido
1725 367 1938 396 cognoscentes,
1953 361 2036 387 talem

1103 399 1168 424 dicti
1190 399 1326 432 privilegii
1349 398 1435 424 fuisse
1458 404 1593 430 tenorem,
1616 398 1692 432 quod
1717 397 1848 423 videlicet
1869 396 2036 422 coenobium

1103 438 1227 459 vestrum
1234 434 1255 450 11
1267 433 1341 458 nullo
1352 433 1493 458 mediante
1504 433 1540 458 ad
1551 433 1705 458 Romanam
1716 432 1863 458 ecclesiam
1874 431 2035 465 pertineret,

1103 472 1131 493 et
1157 467 1233 501 quod
1256 476 1311 492 non
1332 467 1427 493 liceret
1450 467 1530 492 alicui
1552 467 1685 500 episcopo
1707 466 1800 492 eidem
1819 465 1989 491 monasterio
2008 469 2036 490 et

1103 502 1162 527 eius
1180 501 1306 527 ecclesiis
1324 501 1640 527 excommunicationem
1658 501 1789 531 indicere,
1808 505 1837 525 ut
1855 499 1964 531 fratres,
1981 499 2036 524 illic

1103 536 1225 561 Domino
1240 536 1403 568 servientes,
1417 536 1452 561 ab
1470 536 1622 561 omnium1²
1636 540 1778 569 potestate
1790 534 1879 566 liberi,
1893 534 2036 559 Romanae

1104 571 1239 596 ecclesiae
1258 570 1394 596 libertatis
1412 570 1502 603 gratia
1519 570 1683 603 potirentur,
1697 574 1725 595 et
1743 569 1819 602 quod
1837 568 1912 594 nulla
1925 568 1952 593 in
1966 568 2036 593 eis1³

1103 605 1207 631 mentio
1222 605 1381 630 dioecesani
1392 604 1516 638 episcopi
1528 604 1691 635 habebatur,
1703 603 1769 629 illud
1779 604 1864 629 etiam
1874 602 2037 627 nihilominus

1103 639 1290 670 attendentes,
1302 639 1387 672 quod,
1396 640 1460 663 sicut
1471 647 1500 663 ea:
1510 639 1581 663 dictis
1592 639 1753 671 quorundam
1763 638 1858 662 testium
1871 637 2037 662 intelleximus

1103 674 1234 704 evidenter,
1253 678 1274 698 et
1290 673 1405 707 plerique
1423 674 1452 697 de
1469 673 1562 697 nostris
1578 672 1710 703 fratribus,
1728 677 1840 705 tempore
1856 672 1899 696 illo
1914 679 2036 704 praesen-

1103 709 1174 737 tibus,
1189 708 1342 738 recolebant,
1357 716 1442 741 quum
1456 712 1493 738 tu,
1507 706 1543 732 fili
1557 707 1654 738 abbas,
1668 711 1794 740 tempore
1809 707 1888 730 bonae
1901 705 2038 730 memoriae

1104 742 1255 768 Coelestini
1277 741 1503 775 praedecessoris
1524 741 1612 766 nostri
1630 740 1665 766 ad
1683 741 1769 774 ipsius
1787 740 1974 774 praesentiam
1992 748 2036 765 ac-

1104 777 1247 808 cessisses,
1266 777 1335 810 ipse,
1350 775 1483 809 inspectis
1501 774 1637 800 ecclesiae
1655 779 1719 800 tuae
1737 775 1898 808 privilegiis,
1916 779 1953 806 te,
1971 774 2035 799 licet

1103 811 1358 836 excommunicatus
1378 810 1412 835 ab
1431 809 1579 842 Eugubino
1598 809 1731 843 episcopo
1748 809 1889 840 dicereris,
1903 813 2036 842 tanquam

1103 854 1159 871 non
1181 845 1297 878 ligatum
1318 844 1430 870 admisit
1452 844 1488 869 ad
1510 843 1645 875 osculum,
1671 843 1747 876 quod
1772 843 1958 877 praesumitur
1982 851 2038 867 non

1103 879 1213 911 fecisse,
1230 879 1282 904 nisi
1299 878 1499 904 monasterium
1515 882 1639 903 vestrum
1657 877 1865 910 cognovisset14
1882 877 1918 902 ad
1936 877 2037 902 Roma-

1103 923 1167 939 nam
1181 913 1328 939 ecclesiam
1343 913 1500 947 specialiter
1513 913 1662 946 pertinere,
1680 913 1710 936 de
1723 912 1851 936 communi
1865 911 1978 943 fratrum
1992 920 2036 935 no-

1101 953 1214 973 strorum
1237 948 1341 973 consilio
1360 947 1586 980 pronzmciandum
1608 946 1840 977 decernimusl5·,
1862 945 2038 979 privilegium

1103 983 1170 1008 illud
1184 983 1264 1007 bonae
1277 982 1413 1007 memoriae
1425 981 1501 1006 Lucii
1515 981 1606 1014 Papae
1623 980 1843 1015 [praedecessoris
1855 979 1948 1014 nostri]
1963 980 2039 1013 quod

1104 1017 1164 1043 sine
1186 1016 1406 1050 reprehensione
1428 1015 1530 1047 bullae,
1553 1015 1665 1040 chartae
1687 1015 1732 1040 vel
1756 1015 1853 1040 literae
1874 1014 2038 1048 apparebat,

1105 1051 1218 1085 quando
1232 1051 1283 1076 fuit
1296 1051 1376 1076 nobis
1390 1054 1544 1081 ostensum,
1559 1049 1631 1074 illius
1654 1048 1740 1074 fuisse
1758 1049 1871 1080 tenoris,
1890 1048 1966 1073 cuius
1988 1056 2039 1081 per

1104 1085 1295 1119 depositiones
1329 1084 1444 1110 testium
1477 1088 1505 1109 et
1538 1083 1708 1109 assertiones
1737 1082 1853 1108 fratrum
1881 1087 2039 1108 nostrorum

1104 1120 1227 1145 noscitur
1234 1120 1255 1137 ¹⁶
1269 1119 1418 1145 exstitisse.
1450 1117 1632 1153 [Decernimus
1644 1126 1704 1151 erqo
1717 1122 1762 1143 etc.
1786 1118 1847 1143 Dat.
1859 1117 1918 1142 Lat.
1929 1118 1965 1143 II.
1978 1117 2039 1142 Kal.

1103 1155 1161 1180 Iun,
1179 1163 1188 1180 1
1196 1152 1264 1188 199-]

1486 1222 1560 1242 CAP.
1573 1222 1649 1241 XHI.1

1102 1258 1221 1277 Innovatio
1235 1257 1406 1282 privilegiorum
1420 1262 1503 1303 ηοέυῐὲι
1514 1257 1548 1276 ius
1562 1262 1607 1301 rign
1621 1257 1707 1301 trlibuit,
1727 1257 1765 1276 sed
1784 1256 1899 1280 antiquum
1918 1257 2042 1275 conservat.

1470 1297 1475 1301 .
1502 1288 1574 1307 .quoa
1599 1282 1641 1302 titu
1651 1288 1696 1302 um.

1155 1342 1245 1369 Idem
1265 1342 1529 1368 Cathalanensi2
1551 1342 1670 1368 Electo
1694 1346 1727 1368 et
1744 1341 1868 1368 Abbati
1889 1341 1988 1367 trium

1490 1381 1654 1407 Fontium.

1172 1429 1213 1454 Ex
1237 1432 1317 1462 parte
1341 1428 1501 1454 abbatissae
1525 1437 1558 1454 ac
1580 1437 1707 1454 sororum
1729 1427 1878 1454 lotrensis3
1902 1427 2039 1454 ecclesiae

1104 1464 1198 1488 nostris
1219 1463 1342 1488 exstitit4
1362 1463 1468 1488 auribus
1489 1463 1655 1495 intimatum,
1681 1463 1758 1496 quod
1782 1462 1934 1487 venerabilis
1957 1462 2041 1494 frater

1104 1503 1190 1523 noster
1207 1497 1362 1523 Meldensis
1385 1497 1536 1531 episcopus
1555 1497 1760 1523 commissionis
1782 1497 1930 1523 occasione
1951 1497 2040 1522 cuius-

1105 1532 1196 1564 dam5,
1217 1540 1268 1566 per
1288 1532 1381 1557 literas
1389 1532 1416 1549 ⁰¹¹
1433 1532 1470 1557 ad
1487 1532 1593 1558 iudices
1611 1532 1756 1565 delegatos
1775 1531 1917 1563 obtentae,
1935 1531 1963 1556 in
1985 1539 2041 1564 qua

1104 1567 1179 1592 nulla
1191 1566 1296 1592 mentio
1310 1566 1467 1592 habebatur
1485 1566 1520 1592 de
1537 1566 1661 1600 ipsarum
1679 1566 1840 1600 privilegiis,
1853 1573 1926 1599 quae
1938 1565 1999 1591 illas
2012 1570 2041 1591 et

1105 1609 1201 1627 earum
1214 1601 1348 1626 ecclesias
1355 1600 1375 1632 ⁷,
1389 1601 1494 1626 clerum
1508 1605 1535 1626 et
1548 1601 1683 1634 populum
1696 1601 1867 1626 lotrensem&
1879 1600 1915 1625 ad
1928 1604 2040 1634 aposto-

1104 1636 1188 1661 licam
1209 1635 1308 1661 sedem
1329 1635 1404 1660 nullo
1427 1635 1568 1661 mediante
1586 1639 1715 1669 spectare
1733 1634 1902 1667 declarant9,
1921 1642 2040 1668 quorum

1104 1671 1166 1704 ipse
1191 1678 1248 1695 non
1269 1674 1329 1695 erat
1355 1669 1478 1703 ignarus,
1503 1670 1581 1695 eas10
1605 1670 1709 1703 incepit
1733 1669 1856 1702 graviter
1879 1669 2040 1700 molestare,

1105 1704 1295 1730 obedientiam
1307 1704 1343 1729 ab
1356 1704 1424 1738 ipsis
1437 1712 1470 1729 ac
1483 1712 1499 1729 a
1512 1704 1586 1730 clero
1604 1708 1633 1730 et
1649 1704 1754 1738 populo
1772 1703 1926 1735 lotrensill,
1944 1704 1988 1737 qui
2002 1711 2040 1728 se-

1105 1740 1215 1764 cundum
1230 1739 1366 1772 privileyia
1382 1739 1448 1763 sedis
1465 1739 1622 1771 apostolicae
1637 1739 1749 1771 {laudent
1772 1738 1898 1763 consimili
1917 1738 2040 1769 libertate,

1105 1773 1308 1799 subiectionem
1330 1773 1521 1798 omnimodam
1542 1773 1735 1806 tmpemlenctmn
1760 1773 1808 1797 sibi
1831 1771 2000 1806 requirendo
2009 1772 2040 1797 ¹².

1104 1807 1226 1842 -l-[L'nde,
1245 1816 1321 1841 quiem
1343 1807 1376 1832 ab
1398 1808 1487 1832 eisdem
1511 1808 1633 1832 iudicibus
1652 1807 1800 1838 citarentur,
1818 1807 1888 1840 ipsae
1908 1815 1960 1831 non
1981 1815 2042 1831 con-

1105 1843 1219 1867 testando
1237 1843 1313 1873 litem,
1331 1842 1375 1866 sed
1391 1842 1537 1875 excipienda
1554 1842 1639 1874 potius
1657 1846 1748 1866 contra
1762 1850 1812 1873 eos,
1826 1850 1874 1866 nos
1885 1841 1934 1865 sibi
1944 1842 2041 1874 specia-

1104 1878 1153 1902 lem
1170 1877 1195 1902 in
1213 1877 1304 1901 iudicio
1323 1877 1450 1901 dtmzinum
1468 1886 1522 1902 esse
1539 1877 1664 1905 dixerunt,
1683 1880 1706 1901 et
1722 1884 1748 1900 sc
1761 1877 1859 1900 nuttam
1877 1875 2042 1900 obedientiam

1105 1912 1222 1944 episcopo
1237 1911 1364 1936 Meldensi
1375 1911 1471 1942 debere,
1482 1911 1551 1944 quia,
1562 1919 1639 1944 quum
1653 1910 1804 1936 venerabilis
1816 1910 1900 1942 frater
1913 1914 1999 1935 noster
2013 1910 2042 1935 0.

1106 1946 1250 1971 Hostiensis
1262 1946 1404 1978 episcopus,
1418 1950 1478 1970 tunc
1491 1946 1649 1978 apostolicae
1664 1945 1730 1970 sedis
1743 1946 1848 1977 leqatus,
1862 1953 1951 1969 earum
1962 1944 2042 1977 priri-

1104 1981 1175 2013 leyiis
1193 1981 1324 2013 diliqenter
1342 1980 1468 2012 inspectis,
1488 1980 1632 2013 comior-erit
1649 1980 1830 2004 monasterium
1848 1987 1937 2004 earum
1955 1979 1990 2003 ad
2006 1979 2044 2003 ins

1105 2019 1126 2040 et
1141 2015 1326 2048 proprietatem
1344 2014 1410 2038 sedis
1427 2015 1583 2047 apostolicae
1597 2014 1732 2047 pertinere,
1750 2014 1800 2046 ipsi
1814 2013 1965 2043 abbatissae,
1978 2022 2045 2046 quae

1105 2054 1164 2074 tuuc
1178 2049 1297 2082 temporis
1310 2049 1407 2073 noviter
1420 2053 1475 2074 erat
1488 2049 1576 2080 electa,
1589 2049 1641 2073 vice
1654 2052 1743 2073 nostra
1756 2056 1848 2072 vitinus
1867 2048 2044 2073 benedictionis·

1106 2083 1232 2116 impendit,
1251 2087 1272 2108 et
1290 2083 1456 2108 obedientiam
1474 2083 1544 2108 nobis
1562 2087 1584 2108 ct
1602 2083 1724 2108 ecclesiae
1736 2083 1871 2108 Romanae
1887 2082 1947 2113 fecit
1964 2082 1996 2107 ab
2012 2091 2043 2106 ea

1104 2117 1249 2151 specialiter
1269 2118 1419 2150 repromitti,
1437 2118 1568 2150 requirens
1590 2117 1622 2142 ab
1640 2126 1670 2142 ea
1689 2121 1796 2150 propter
1812 2117 1858 2142 hoc
1875 2121 1898 2141 et
1915 2117 2042 2149 accipiens

1105 2150 1315 2186 sacramentarii]
1356 2152 1475 2183 Verum,
1501 2160 1586 2185 quum
1612 2151 1718 2177 iudices
1742 2156 1764 2176 et
1789 2160 1931 2176 assessores
1954 2159 2042 2175 eorum

1106 2187 1180 2220 ipsas
1194 2186 1276 2211 valde
1289 2190 1438 2219 gravarent
1457 2185 1494 2220 [in
1507 2196 1544 2217 en,
1558 2187 1627 2220 quod
1637 2190 1760 2218 neyarent
1773 2186 1918 2211 dilationem
1932 2186 2041 2210 eiusdem

1106 2222 1140 2245 ad
1152 2221 1289 2245 exbibenda
1304 2221 1438 2253 priuileyia
1456 2220 1587 2251 libertatis,
1601 2229 1677 2254 quum
1692 2225 1878 2253 procuratores
1890 2228 1978 2245 earum
1992 2219 2043 2244 illis

1104 2255 1275 2279 iuramentum
1289 2254 1419 2288 offerrent,
1430 2264 1456 2280 se
1469 2259 1528 2280 tunc
1541 2255 1673 2288 privilcyia
1686 2264 1737 2279 non
1749 2255 1848 2285 habere,
1859 2263 1905 2279 nec
1916 2262 2042 2287 procura-

1105 2294 1156 2314 tum
1170 2290 1227 2314 dolo
1245 2289 1333 2321 siliis-se,
1347 2290 1482 2322 quominus
1498 2290 1584 2314 eadem
1602 2290 1637 2314 ad
1652 2298 1740 2314 eorum
1756 2289 1927 2322 praesentiam
1942 2289 2043 2313 detuli<-

1104 2328 1167 2355 svnt,
1181 2328 1203 2348 et
1216 2324 1267 2356 ipsi
1281 2324 1315 2348 eis
1334 2324 1418 2348 breves
1436 2324 1553 2349 indta-ias
1570 2324 1633 2348 dare
1648 2323 1765 2358 nollent]
1788 2323 1824 2348 ad
1846 2322 2040 2356 appellationis

1104 2358 1273 2384 beneficium
1294 2358 1484 2390 convolarunt,
1506 2358 1635 2393 †[contra
1656 2359 1749 2383 indices
1766 2358 1916 2390 excipientes
1933 2357 2039 2387 eosdem,

1104 2397 1155 2417 tum
1169 2393 1229 2426 quia
1242 2401 1284 2417 eos
1297 2393 1445 2417 asserebant
1458 2402 1511 2418 csse
1523 2397 1661 2426 suspectos,
1674 2397 1697 2418 et
1709 2392 1858 2425 praesertim
1872 2392 1954 2424 ipsum
1965 2391 2041 2416 Pari-

1103 2428 1210 2452 slensem
1222 2427 1376 2460 episcopum,
1390 2427 1436 2460 qui
1447 2432 1537 2452 contra
1554 2428 1672 2452 dilectum
1687 2428 1769 2461 filiuni
1783 2426 1897 2451 abbatem
1912 2427 1939 2450 S.
1956 2426 2040 2450 Geno-

1105 2461 1176 2493 ues'ae
1189 2461 1344 2486 consimilem
1358 2470 1464 2486 causam
1477 2462 1592 2493 habebat,
1606 2466 1628 2486 et
1646 2462 1699 2486 idco
1717 2462 1797 2494 ipsum
1816 2460 1950 2485 credebant
1963 2460 2042 2484 aliam

1104 2496 1254 2521 sententiam
1267 2496 1335 2520 nolle
1348 2496 1418 2525 dare,
1432 2504 1508 2530 quam
1527 2497 1598 2521 uellet
1612 2496 1644 2520 ab
1657 2496 1708 2520 alio
1723 2504 1772 2528 pro
1790 2504 1816 2519 se
1828 2494 1894 2525 dari,
1908 2499 1959 2518 tum
1972 2494 2041 2527 quia,

1104 2539 1181 2564 quum
1200 2531 1294 2564 absque
1312 2530 1442 2555 cmzimlice
1457 2540 1504 2555 suo
1523 2531 1639 2555 roluisset
1655 2530 1729 2563 prius
1747 2528 1963 2554 interlocutoriam
1980 2537 2040 2560 pro-

1105 2565 1228 2597 mulqare,
1237 2565 1450 2598 procuratoribus
1460 2565 1604 2590 abbatissae
1616 2564 1762 2595 dicentibus,
1773 2572 1800 2588 sc
1812 2564 1874 2587 velle
1886 2563 2042 2587 coniudicem

1103 2599 1157 2624 eius
1171 2608 1224 2624 esse
1238 2603 1407 2632 praesentem,
1422 2600 1589 2632 responderat
1602 2599 1660 2629 illis,
1674 2608 1728 2623 eum
1743 2598 1767 2622 in
1782 2598 1851 2621 nullo
1862 2596 2041 2629 profecturum

1104 2634 1204 2666 eisdem,
1217 2634 1286 2667 quia,
1305 2642 1382 2668 quum
1400 2634 1442 2659 ille
1460 2634 1560 2665 veniret,
1578 2634 1640 2658 nibil
1656 2632 1762 2665 faceret,
1780 2632 1831 2656 nisi
1847 2632 1914 2664 quod
1930 2632 2002 2656 vellet
2018 2636 2041 2656 et

1106 2746 1139 2769 10)
1150 2746 1254 2766 ceterum
1269 2748 1375 2771 quoniam
1385 2747 1443 2766 insi-a
1454 2746 1529 2766 datum
1545 2746 1650 2769 (nertumz
1669 2744 1704 2765 θα)
1719 2744 1840 2763 terminum
1855 2745 1877 2763 et
1891 2744 2004 2767 receptum
2018 2744 2042 2763 in

1106 2772 1154 2797 (qui
1163 2773 1226 2796 prod.
1238 2786 1243 2791 .
1254 2787 1259 2792 .
1271 2787 1276 2792 .
1287 2773 1351 2792 datus
1361 2773 1439 2792 fuerit:
1454 2772 1488 2795 Cb)
1498 2771 1647 2796 producendis
1661 2771 1754 2789 testibus
1764 2770 1900 2791 defecerunt.
1916 2775 1957 2788 uos
1966 2771 2043 2788 tamen

1108 2798 1150 2822 (et:
1165 2798 1203 2819 Cb.-
1217 2798 1286 2817 deest:
1300 2799 1344 2823 Cc):
1359 2798 1428 2822 Ultro.

1108 2824 1140 2847 13)
1150 2830 1188 2843 eo:
1204 2824 1241 2843 Cbc
1249 2823 1298 2849 chy.
1352 2824 1384 2845 14)
1395 2826 1456 2843 tuum
1467 2823 1646 2847 recognovisses:
1661 2822 1685 2841 (b

1109 2849 1141 2874 16)
1151 2851 1308 2874 praemisimus
1318 2850 1440 2869 exstitisse:
1455 2850 1470 2868 C
1477 2848 1526 2873 tet-0.

1158 2876 1220 2900 Cap.
1239 2876 1298 2895 XIII.
1336 2878 1355 2897 1)
1370 2875 1498 2894 ltcstntutmn
1513 2879 1537 2893 cr
1546 2873 1594 2897 Itcff.
1604 2872 1681 2897 tir-equ.
1692 2873 1718 2897 V,
1730 2873 1786 2894 137.;
1800 2872 1867 2897 Comp.
1883 2872 1922 2891 111.
1938 2877 1955 2891 c.
1966 2872 2016 2891 3.1ι.
2028 2871 2042 2890 t.

1106 2900 1134 2926 (5,
1144 2901 1185 2926 16.)
1255 2901 1276 2926 2)
1287 2901 1472 2921 Catnalaunensi:
1489 2899 1548 2923 lira:
1557 2910 1580 2913 —
1590 2898 1685 2918 Potnias!
1696 2903 1729 2917 no.
1740 2899 1796 2918 180³.
1866 2898 1887 2919 3)
1898 2898 2000 2917 Utrons.:
2015 2897 2042 2917 Ch

1105 2927 1126 2951 Δ)
1138 2928 1189 2947 fuit:
1204 2926 1274 2951 caea.
1354 2928 1374 2947 ὃ)
1385 2927 1428 2945 cut.
1439 2926 1466 2945 nd
1477 2931 1527 2944 ven.
1538 2925 1563 2944 fr.
1575 2930 1596 2943 n.
1607 2925 1757 2944 Paristensem
1771 2929 1805 2948 ep.
1821 2925 1842 2943 et
1857 2923 1895 2942 dil.
1911 2924 1941 2943 ffl.
1951 2924 2002 2942 abb.
2014 2924 2042 2943 de

1107 2953 1223 2973 Latiniaeo
1238 2954 1267 2976 (fn
1279 2954 1294 2973 C
1302 2958 1376 2972 nonu-n
1386 2951 1476 2976 corrupt.
1487 2951 1527 2973 ast)
1541 2956 1554 2969 a
1569 2951 1633 2969 nobis
1644 2950 1760 2969 obtentae:
1775 2948 1846 2973 Cstoy-
1916 2949 1937 2973 6)
1947 2955 1986 2973 por
1995 2949 2041 2968 lit.:

1107 2977 1173 2998 deest:
1186 2978 1309 2998 Fofflniv
1363 2978 1384 2999 7)
1395 2978 1524 2997 ecclesium:
1539 2976 1603 2995 (falech
1612 2975 1675 3000 Rea..-
1689 2975 1848 2995 ecclesiarum:
1862 2975 1888 2999 Cy
1944 2975 1965 3000 8)
1974 2975 2044 2994 villae

1106 3004 1225 3024 lotrensis:
1239 3004 1287 3027 Rea.
1626 3002 1657 3025 10)
1669 3007 1718 3021 oon:
1732 3001 1789 3020 cont.
1800 3001 1874 3020 Baium.
1933 3001 1966 3025 11)
1975 3001 2044 3022 villae

1106 3030 1225 3051 lotrensis:
1240 3030 1311 3056 Oltey.

1737 2796 1769 2819 1⁸2)
1779 2796 1852 2814 omni:
1867 2795 1939 2814 Bahm.
1950 2800 1974 2813 cs:
1983 2795 2022 2814 Con
2027 2795 2041 2814 t.

1475 2799 1507 2820 ιι)
1518 2803 1601 2821 mmm:
1616 2798 1628 2815 ⁶
1639 2796 1686 2819 qu.
1742 2822 1774 2841 15)
1785 2821 1935 2840 deci-avimus:
1949 2820 2045 2840 Fucino

1345 3004 1365 3028 9)
1376 3004 1527 3022 declararunt:
1543 3002 1569 3021 Ch

1366 3030 1397 3054 123)
1409 3029 1534 3055 requirens:
1549 3027 1575 3047 ib.

1709 3085 1766 3115 54*
