2243 3288
169 278 235 305 1015
510 275 617 301 SEXTI
636 274 846 302 DECRETAL.
865 275 930 302 LIB.
949 275 980 302 ll.
1000 275 1070 302 TIT.
1089 276 1150 303 XV.
1170 276 1220 303 DE
1238 275 1587 303 APPELLATIONIBUS.
1607 283 1630 302 c.
1651 282 1725 309 2-5.
2005 273 2072 301 1016

170 356 205 382 ad
220 355 317 389 prioris
331 353 430 379 iudicis
444 353 545 379 redibit
559 360 686 385 examen,
704 352 731 377 in
745 353 875 386 expensis
893 353 1025 386 legitimis
1039 361 1103 379 con-

171 389 354 416 demnandus.
374 388 401 413 Si
413 393 505 413 autem
516 387 673 421 appellatus
684 387 884 420 contempserit
893 387 948 412 hoc
958 392 1102 414 statutum:

170 425 197 449 in
211 431 275 449 eum
293 428 426 456 tanquam
444 421 483 447 in¹
502 427 696 447 contumacem
715 426 771 446 tam
790 421 816 446 in
831 421 961 454 expensis
980 430 1064 455 quam
1077 423 1104 448 in

170 466 262 485 causa,
276 463 409 490 quantum
422 465 438 481 a
451 456 510 482 iure
523 456 700 489 permittitur,
714 455 920 489 procedaturffl.
945 457 1051 482 lustum
1061 461 1104 482 est

170 491 312 525 equidem,
326 496 356 550 ug
368 491 395 516 in
409 499 473 517 eum
487 490 546 516 iura
559 491 710 523 insurgant,
731 490 778 523 qui
796 490 838 515 ius
857 490 919 516 etl*
938 490 1059 516 iudicem
1077 496 1104 517 et

170 532 279 560 partem
292 526 336 552 elu
360 526 388 550 it.

581 577 654 596 CAP.
669 577 697 595 Π.

170 612 237 631 ludex
245 626 249 633 .
273 612 310 636 qui
330 614 454 633 recusatur,
477 612 552 631 statuit
572 614 701 635 competens
723 612 810 635 tempus
828 611 919 630 arbitris
937 611 964 630 ad
984 611 1105 631 finiendam

169 644 268 658 causam:
279 644 322 662 quo
333 638 414 662 elapsov
422 638 440 656 si
451 638 513 657 tinita
523 643 568 656 non
579 638 652 661 ruerit,
664 638 687 656 iu
697 637 815 661 principali
825 637 932 661 procedit.
951 638 1105 657 muniminum

569 688 705 714 ldemln.

237 732 375 765 Legitima
388 731 554 765 suspicionis
568 739 652 756 causa
665 734 761 756 contra
779 730 900 756 iudicem
913 730 1064 764 assignata,
1078 735 1105 757 et

170 766 281 792 arbitris
299 775 315 791 a
337 766 463 800 partibus
482 765 635 792 secundum
654 765 771 790 sormam
789 765 855 790 iuris
875 765 981 796 electis,
1004 765 1051 798 qui
1070 765 1105 791 de

171 802 231 834 ipsa
244 806 430 833 cognoscant,
449 808 535 834 saepe
548 799 696 833 contingit,
714 799 803 832 quod,
821 799 888 832 ipsis
906 799 934 824 in
952 799 1026 825 idem
1041 807 1105 825 con-

170 835 265 861 venire
278 835 448 867 nolentibus,
461 843 513 860 nec
527 834 638 860 tertium
652 833 865 865 advocantibus,
879 842 942 859 cum
954 842 1010 867 quo
1021 834 1104 859 ambo

169 870 213 896 vel
227 870 297 895 alter
309 878 407 895 eorum
420 869 555 903 procedat
563 868 575 885 b
592 869 628 894 acl
643 868 813 894 decisionem
831 867 918 901 ipsius
936 868 1056 901 negotii,
1075 873 1105 893 ut

170 906 316 930 tenenturz·
347 903 428 929 iudex
459 903 582 937 proferat
612 902 905 929 excommunicationis
937 903 1105 928 sententiam

171 944 267 964 contra
279 938 399 972 ipsosss‘,
418 946 500 972 quam
515 938 567 971 ipsi
582 942 639 963 tum
657 941 772 971 propter
786 936 895 968 odium,
913 941 971 962 tum
990 941 1105 971 propter

170 973 295 998 savorem
309 973 428 1006 partium
442 972 545 998 diutius
559 971 745 1006 vilipendunt;
765 979 860 1005 quare,
871 979 955 996 causa
968 971 1029 1005 ipsa
1042 972 1103 1005 plus

171 1007 267 1033 debito
290 1012 454 1040 prorogata,
476 1015 531 1032 non
553 1006 714 1040 proceditur
730 1005 766 1031 ad
789 1005 976 1039 cognitionem
999 1005 1105 1039 negotii

171 1041 341 1075 principalis.
377 1042 513 1067 X'olentes
531 1041 614 1073 igitur
627 1041 726 1066 morbo
744 1040 902 1065 huiusmodi
916 1040 1105 1066 necessariam

170 1076 307 1102 adhibere
320 1076 470 1107 medelam,
489 1075 644 1106 statuimus,
664 1080 692 1100 ut
706 1074 774 1108 ipsis
787 1074 898 1100 arbitris
916 1083 967 1108 per
984 1074 1105 1100 iudicem

170 1115 335 1144 competens
353 1110 485 1136 terminus
508 1109 690 1143 praefigatur,
712 1109 783 1134 infra
801 1117 885 1142 quem
902 1109 929 1134 in
947 1109 1023 1134 idern
1041 1117 1104 1134 con-

171 1145 296 1177 veniant,
314 1145 359 1171 vel
376 1145 487 1170 tertium
506 1143 682 1170 concorditer
695 1144 848 1175 advocent,
867 1151 930 1168 cum
948 1151 1003 1177 quo
1021 1144 1104 1169 ambo

170 1180 214 1205 vel
236 1180 305 1205 alter
323 1185 437 1205 eorunis
460 1178 587 1205 eiusdem
605 1178 771 1212 suspicionis
790 1178 934 1211 negotium
956 1178 1106 1204 terminare

171 1218 333 1248 procurent;
352 1213 476 1247 alioquin
494 1213 576 1239 iudex
590 1218 690 1239 extunc
703 1213 730 1238 in
749 1212 893 1247 principali
911 1213 1025 1246 negotio
1042 1221 1105 1246 pro-

171 1248 272 1274 cedere
285 1257 340 1274 non
354 1248 472 1274 omittat.

578 1300 650 1319 CAP.
665 1300 704 1319 m.

170 1337 204 1355 De
215 1336 304 1354 officiali
315 1336 412 1359 episcopi
424 1341 468 1354 non
479 1335 506 1354 ad
517 1335 652 1359 episcopum,
660 1334 698 1353 sed
709 1334 737 1353 ad
747 1334 938 1358 archiepiscopum
945 1334 1076 1358 appellatur.
1084 1344 1105 1347 —

169 1364 188 1383 ξ.
201 1364 217 1380 1,
234 1363 266 1381 De
277 1362 365 1380 subdito
376 1362 473 1385 episcopi
483 1362 511 1379 ad
522 1361 601 1384 ipsum.
613 1366 658 1379 non
668 1361 695 1379 ad
711 1360 902 1384 archiepiscopum
917 1360 1048 1384 appellatur,
1064 1361 1107 1379 nisi

169 1388 230 1406 aliud
245 1391 303 1406 esset
318 1388 344 1405 de
360 1387 529 1406 consuetudine.
562 1388 588 1405 H.
600 1387 620 1405 d.
632 1397 656 1400 —
666 1388 685 1408 ἐ,
696 1387 714 1404 2.
729 1386 915 1410 Arehiepiscopus
930 1392 1019 1405 eausam
1034 1387 1107 1410 appel-

170 1413 259 1432 lationis
270 1414 297 1432 ab
308 1414 412 1436 episcopo
427 1414 572 1436 interpositae
587 1418 631 1431 non
647 1412 714 1431 (lebet
728 1412 874 1434 committere,
889 1412 924 1430 vel
939 1414 1013 1436 partes
1029 1413 1106 1433 citare,

169 1440 212 1458 nisi
229 1439 250 1457 in
266 1439 415 1462 appellatione
430 1439 552 1462 probabilis
567 1444 635 1457 caiisa
649 1438 677 1456 sit
691 1443 802 1461 expressa.
814 1448 837 1451 —
847 1440 865 1459 §-
876 1439 894 1456 3.
914 1438 937 1456 Si
953 1440 1052 1461 negetur,
1068 1444 1107 1461 per

169 1465 341 1488 appellationem
357 1465 470 1487 negotium
481 1465 618 1487 devolutum,
633 1469 678 1482 nun
692 1464 803 1482 inhibebit
818 1464 999 1487 archiepisvopus
1010 1464 1106 1483 iudicem

169 1491 297 1514 principalis
308 1496 387 1509 causae
398 1490 525 1514 proci-(lere,
537 1490 579 1508 nisi
591 1490 650 1513 prins
661 1490 688 1509 de
698 1489 841 1508 devolutione
852 1490 984 1508 eonstiterit.
1013 1491 1039 1508 H.
1051 1490 1072 1508 d.
1083 1501 1106 1503 —

169 1519 188 1538 ξ.
198 1518 217 1535 ·l.
232 1517 255 1535 Si
270 1517 358 1538 dicitur.
373 1522 399 1534 ex
416 1517 497 1535 iniusta
512 1522 578 1535 causa
592 1516 734 1539 appellatum,
749 1515 929 1538 archiepiscopus
944 1515 1046 1535 inhibere
1061 1521 1106 1534 non

169 1545 247 1566 potest,
259 1543 308 1563 nisi.
324 1543 391 1565 prius,
408 1544 495 1566 recepta
505 1542 654 1565 appellatione
665 1544 687 1560 ut
698 1541 816 1564 probabili,
831 1541 924 1564 incipiat
934 1547 1068 1565 cognoscere
1079 1542 1106 1560 de

170 1574 250 1587 causae
261 1569 361 1587 veritate.
388 1568 416 1587 11.
424 1568 445 1586 d.
456 1578 479 1581 ——
490 1570 508 1589 ἓ.
518 1569 537 1586 5.
553 1568 615 1586 Licet
625 1567 713 1586 dicatur
721 1567 857 1590 appellatum
868 1572 881 1585 a
890 1567 1010 1586 diffinitiva
1020 1567 1042 1586 in
1054 1573 1106 1586 casu

169 1595 280 1617 prohibito
295 1600 308 1612 a
323 1595 377 1614 iure.
393 1599 419 1612 ex
429 1599 472 1617 quo
484 1594 511 1612 de
526 1594 567 1612 hor:
577 1593 757 1616 archiepiscopus
769 1598 903 1616 cognoscere
914 1594 1020 1617 eoeperit,
1036 1595 1107 1617 potest

168 1620 278 1642 inhibere,
290 1625 318 1638 ne
328 1621 439 1639 sententia
450 1620 588 1638 exsecutioni
600 1619 724 1638 mandetur.
752 1619 779 1637 H.
791 1619 811 1636 d.
822 1629 845 1631 —
856 1620 874 1640 ἓ.
886 1619 904 1636 t'..
920 1619 1106 1643 Archicpiscopus

169 1647 192 1664 in
207 1647 295 1664 tertiam
310 1652 434 1669 personam.
450 1648 499 1668 post
514 1646 671 1664 inhibitionem
686 1650 747 1663 suam
764 1645 787 1663 in
802 1650 869 1663 causa
882 1650 922 1668 per
931 1645 1105 1668 appellationem

169 1672 243 1690 delata
253 1672 279 1690 nd
290 1673 369 1695 ipsum.
384 1672 468 1695 aliquid
484 1672 636 1693 innovantem,
652 1670 830 1689 iurisdietionem
846 1676 952 1689 exercere
966 1676 1011 1689 non
1026 1673 1105 1694 potest.

168 1698 195 1716 Il.
211 1697 232 1715 «l.
246 1707 272 1710 —
286 1700 303 1718 ξ.
315 1699 332 1716 7.
352 1698 539 1721 Arehiepiscopus
557 1697 706 1720 appellantem
726 1697 749 1714 in
767 1696 818 1715 aliis
837 1696 909 1715 causis
923 1702 935 1714 a
950 1696 1106 1715 iurisdictione

168 1724 267 1747 episcopi
282 1729 326 1741 non
341 1726 413 1746 potest
427 1723 533 1742 eximere.
544 1733 567 1736 —
579 1724 596 1743 ξ.
606 1724 625 1741 ὅ.
641 1723 674 1741 Ab
690 1722 799 1745 episeopis
813 1722 836 1740 in
851 1722 931 1745 causis,
947 1722 1027 1745 quibus
1043 1723 1105 1741 iuris-

169 1749 290 1768 dictionem
302 1749 447 1772 temporalem
463 1749 553 1771 liabent,
568 1749 595 1767 (le
610 1749 657 1766 inre
668 1748 735 1767 dehet
749 1748 777 1766 ad
787 1748 979 1771 arehiepiscopum
990 1749 1105 1772 appellari,

170 1775 212 1793 nisi
224 1775 427 1798 specialeiusaliud
438 1774 537 1793 inducat.
557 1774 611 1793 Hal.
623 1776 667 1795 §.th
679 1774 800 1792 Censurani
809 1773 1021 1798 ecclesiasticam‚in
1031 1775 1105 1798 appel>

168 1801 251 1819 lantum
266 1800 375 1824 prolatam
390 1806 429 1824 per
443 1801 578 1824 episcopum,
593 1800 772 1824 archiepiscopus
787 1804 892 1818 revocare
907 1805 952 1818 nou
966 1802 1046 1823 potest,
1062 1801 1105 1818 nisi

169 1827 269 1850 partibus
288 1827 379 1847 voratis,
399 1828 421 1845 et
439 1826 466 1844 de
485 1832 551 1844 caiisa
570 1826 669 1849 legitime
688 1826 784 1848 cognito.
813 1826 840 1843 11.
855 1825 876 1843 d.
891 1835 915 1838 ——
929 1826 947 1846 ξ.
964 1827 994 1844 11].
1014 1826 1047 1844 Ex
1061 1831 1104 1849 quo

169 1852 348 1876 archiepiscopus
365 1852 553 1875 pronunciaverit,
573 1851 631 1870 male
645 1851 780 1874 appellatum
795 1853 847 1870 ante
865 1851 1011 1870 sententiam:
1030 1853 1104 1870 statim

310 1878 375 1897 debet
387 1883 475 1897 eausam
486 1878 513 1897 ad
523 1878 687 1902 suffraganeum
698 1877 818 1896 remittere.
846 1877 895 1896 Hoc
905 1876 967 1895 dicit.

568 1927 704 1953 ldemm.

239 1972 364 1997 Romana
383 1970 502 1996 ecclesia
516 1971 560 1995 (El
574 1970 669 2002 inst-m)
688 1971 780 2003 Quum
798 1969 1038 2003 suffraganeorum
1051 1970 1103 1996 Re-

170 2007 274 2032 mensis
288 2005 433 2037 ecclesiae,
452 2013 621 2038 suorumque
635 2005 804 2035 officialium,
822 2004 869 2037 qui
887 2005 1055 2037 generaliter
1069 2005 1104 2031 de

171 2041 262 2066 causis
275 2040 311 2066 ad
329 2041 452 2074 ipsorum
471 2039 563 2065 sorum
580 2039 785 2073 pertinentibus
799 2040 929 2064 eorum'l*
946 2039 1022 2065 vices
1040 2048 1103 2072 sup-

170 2075 274 2109 plendo
292 2079 478 2107 cognoscunt,
497 2083 581 2099 unum
598 2079 625 2100 et
643 2074 718 2100 idem
736 2073 932 2098 consistorium
950 2074 1009 2099 sive
1027 2074 1104 2099 audi-

170 2110 271 2135 torium
289 2109 324 2134 sit
342 2108 526 2134 censendum:
550 2109 585 2134 ab
604 2108 672 2142 ipsis
690 2107 856 2133 officialibus
879 2116 935 2133 non
955 2107 992 2133 ad
1014 2108 1104 2133 dictos

170 2144 371 2175 suffragantem,
388 2151 423 2169 ne
436 2143 471 2168 ab
485 2142 593 2168 eisdem
606 2143 642 2168 ad
661 2151 691 2168 se
705 2143 782 2176 ipsos
796 2142 935 2175 interponi
953 2142 1103 2176 appellatio

170 2178 307 2209 videatur,
320 2178 370 2203 sed
382 2177 416 2203 de
428 2177 486 2203 iure
496 2177 532 2202 ad
544 2178 713 2202 Remensem
724 2181 766 2202 est
780 2177 883 2201 curiam
894 2177 1103 2210 appellandum.

170 2213 190 2246 ξ.
208 2221 228 2238 1.
253 2213 297 2238 Ab
311 2211 534 2237 archidiaconish
552 2220 618 2237 vero
632 2211 749 2244 aliisque
767 2210 944 2236 inferioribus
963 2211 1103 2244 praelatis,

170 2247 353 2279 suffraganeis
379 2246 510 2271 subiectis
536 2246 656 2277 eisdem,
686 2251 713 2271 et
738 2253 834 2271 eorum
858 2245 1039 2277 officialibus,
1068 2246 1103 2272 ad

171 2281 363 2313 suffraganeos
377 2280 452 2313 ipsos
467 2280 562 2311 debet,
580 2285 607 2306 et
620 2288 674 2305 non
688 2280 724 2305 ad
742 2279 861 2305 eandem
875 2280 978 2305 curiam
992 2280 1102 2306 omissis

172 2316 254 2341 dictis
268 2314 449 2347 suffraganeis
463 2315 607 2348 appellari,
621 2315 672 2339 nisi
686 2314 760 2339 aliud
772 2314 903 2340 Remensi
918 2314 1054 2340 ecclesiae
1068 2315 1103 2340 de

171 2349 374 2375 consuetudine
387 2354 528 2382 competat
543 2349 567 2373 in
582 2349 634 2374 hac
648 2354 735 2382 parte.
771 2347 792 2382 ξ.
808 2356 830 2374 2.
856 2350 947 2382 Quum
960 2353 1053 2374 autem
1067 2349 1103 2374 ad

170 2384 326 2419 praefatam
340 2383 444 2408 curiam
457 2383 493 2408 ab
504 2383 656 2408 eorundem
663 2384 674 2401 ¹⁵
687 2383 925 2415 suffraganeorum
935 2384 979 2409 vel
989 2392 1104 2409 suorum

170 2418 329 2444 officialium
354 2417 497 2443 audientia
522 2417 603 2442 suerit
628 2417 814 2451 appellatum,
844 2418 991 2443 Remensis
1016 2418 1103 2443 archi-

171 2454 332 2487 episcopus,
346 2452 392 2485 qui
407 2460 458 2485 pro
473 2456 600 2484 tempore
614 2451 705 2482 suerit,
719 2452 762 2477 vel
777 2451 920 2477 officialisC
940 2452 1026 2485 ipsius
1044 2453 1103 2478 nul-

169 2488 278 2513 latenus
297 2487 324 2512 in
341 2485 538 2520 appellationis
556 2494 640 2511 causa
657 2486 838 2519 interpositae
851 2491 915 2512 ante
929 2486 1104 2512 diffinitivam

171 2521 339 2548 sententiam
352 2521 438 2546 citent
451 2525 555 2554 partes,
568 2528 619 2545 nec
631 2520 713 2545 etiam
725 2520 784 2545 aliis
800 2520 906 2546 illamd*
920 2521 1104 2553 committant,

170 2555 368 2590 appellationis
387 2554 515 2580 eiusdem
528 2563 611 2580 causa
629 2554 767 2588 probabili
786 2563 835 2580 seu
853 2555 977 2587 legitima
990 2563 1045 2581 non
1059 2564 1104 2581 ex-

171 2599 278 2624 pressa.
314 2589 336 2623 §.
350 2598 374 2621 3.
400 2589 428 2614 Si
442 2597 508 2614 vero
526 2589 632 2614 vocatis
651 2589 788 2622 partibus,
807 2589 851 2614 vel
870 2589 1040 2621 nullatenus,
1058 2594 1105 2615 aut

171 2633 226 2651 non
245 2624 315 2650 infra
333 2624 433 2650 decem
451 2623 510 2649 dies
529 2627 594 2657 post
612 2623 849 2649 interlocutoriam
867 2623 911 2649 vel
929 2623 1105 2650 diffinitivam

237 2730 296 2753 Tit.
319 2730 376 2753 XV.

169 2765 251 2788 detur:
270 2763 301 2789 ib.

239 2800 307 2829 Cap.
326 2799 361 2822 II.
400 2796 424 2829 a)
439 2806 459 2821 rr.
477 2804 513 2821 11.
530 2796 606 2821 Cone.
623 2795 702 2827 Κηφᾶ.
719 2797 738 2820 Ι.
755 2794 852 2827 (ι245.)
871 2795 896 2819 [n
911 2795 998 2828 Comp.
1013 2805 1033 2820 ι).
1048 2804 1070 2821 2.
1084 2797 1105 2821 Ῐι.

169 2837 184 2856 1.
196 2846 229 2886 —l—
239 2832 319 2889 {julla
331 2832 377 2856 Ad
390 2833 492 2864 exped.
510 2840 550 2855 nn.
566 2831 605 2855 26.
642 2830 668 2862 b)
681 2831 827 2862 procedant:
841 2829 907 2854 Iaczl
951 2830 973 2862 c)
988 2831 1108 2862 ipsorum:

169 2867 201 2892 Iu
211 2875 308 2933 JC‘Cap.
326 2901 376 2925 111.

416 2730 485 2760 Cap.
510 2729 530 2752 I.
592 2726 611 2759 l)
629 2728 666 2751 in:
690 2726 768 2751 deest:
794 2726 889 2751 lamule
970 2727 1004 2760 m)
1022 2737 1105 2760 proce-

416 2900 441 2932 ε)
459 2899 493 2931 cf.
511 2899 598 2926 adnot.
617 2899 652 2924 ad
667 2907 687 2924 ο.
706 2906 726 2923 1.
743 2899 774 2924 de
789 2898 874 2931 suppl.
887 2898 954 2931 περὶ.
973 2898 1006 2932 (ι,
1021 2899 1056 2932 8.)
1074 2915 1107 2918 —

222 3013 275 3030 Tit.
290 3012 337 3031 XV.
365 3012 426 3036 Cap.
441 3012 457 3031 l.
486 3012 505 3035 1)
516 3014 548 3031 et:
562 3011 629 3031 deest.-
643 3010 807 3031 CDEFGIabcdc.

223 3037 284 3061 Cap.
299 3038 327 3056 Π,
356 3037 449 3059 1)nd11.:
463 3038 486 3057 in
497 3038 588 3057 eodem:
602 3037 699 3060 ACDEF:
713 3038 736 3056 in
747 3037 816 3057 Cone.
827 3036 909 3061 Lugd.:
923 3036 942 3056 B
976 3037 997 3060 2)
1007 3038 1106 3056 tenetur:

173 3062 235 3086 (illus
285 3065 305 3082 31
317 3069 365 3082 eos:
380 3063 473 3087 lllabmls.

225 3089 285 3111 Cap.
300 3089 340 3107 111.
382 3091 401 3109 1,
412 3089 474 3107 mlL:
489 3090 511 3108 in
527 3089 617 3108 eodem:
634 3089 670 3108 GH
746 3090 766 3111 2)
781 3089 914 3108 eorundem:
930 3087 1106 3108 .lI›‘Cl)EFlttbrIc:

172 3119 248 3132 eumin
260 3114 376 3138 deinceps:
390 3113 413 3134 lc
455 3117 476 3139 ὅ)
487 3121 576 3135 eorum:
591 3115 624 3135 AC
664 3115 686 3139 4)
697 3119 757 3134 eam:
771 3114 859 3135 Clabcde

899 3114 919 3139 5)
929 3120 980 3135 seu:
994 3113 1107 3134 At'lv'labczl
1122 3122 1125 3136 l
1142 3114 1210 3136 deest:
1224 3115 1286 3136 Claca

1138 354 1306 381 sententiam
1319 354 1491 388 appellatum
1510 353 1603 385 fuisse,
1621 361 1670 380 seu
1683 352 1789 387 aliquid
1806 352 1880 378 aliud
1898 351 2001 384 simile,
2019 351 2070 377 sic-

1139 397 1194 422 que
1208 397 1262 414 non
1276 397 1338 415 esse
1352 397 1402 422 per
1415 387 1632 422 appellationem
1646 387 1682 413 ad
1696 387 1815 413 eundem
1829 386 2070 420 archiepiscopum

1138 423 1215 449 velb-
1245 423 1304 449 eius
1330 421 1496 448 officialemd
1528 422 1690 448 devolutum
1714 421 1857 455 negotium
1887 425 2070 455 proponatur:

1139 457 1237 489 iidem,
1260 458 1311 483 nisi
1331 458 1405 491 prius
1424 457 1491 490 ipsis
1515 456 1684 488 constiterit,
1706 465 1819 482 causam
1837 456 1945 490 ipsame
1967 454 2003 480 ad
2021 463 2070 480 eos

1139 492 1294 518 totaliterti*
1317 491 1420 518 fuissef
1440 491 1571 522 delatam,
1594 490 1752 524 prohibere,
1774 499 1808 516 ne
1831 490 1857 515 in
1875 489 1993 515 causai‘
2015 489 2070 521 illa,

1139 526 1183 552 vel
1200 535 1236 552 ne
1253 526 1290 552 ad
1308 526 1516 552 exsecutionem
1539 525 1706 558 procedatur
1723 524 1892 556 sententiae,
1914 532 1970 549 non
1991 531 2071 557 prae-

1140 565 1260 586 sumant.
1296 559 1316 590 δ,
1330 570 1354 593 4.
1380 559 1486 594 Quodsi
1502 559 1647 585 obiiciatur
1660 567 1693 584 ex
1706 559 1807 584 iniusta
1820 567 1903 584 causa
1917 566 1966 584 seu
1979 558 2070 583 minus

1140 594 1265 627 legitima
1286 590 1352 621 ante
1375 595 1541 620 sententiam
1566 593 1785 628 appellationem
1807 592 2001 627 interpositam
2026 600 2071 618 ex-

1140 629 1258 661 stitisse,
1280 630 1326 655 etS
1347 638 1380 655 ex
1399 637 1431 655 eo
1451 637 1505 654 non
1525 636 1588 654 esse
1605 628 1825 662 appellationem
1845 626 2006 653 huiusmodi
2023 626 2072 652 ad-

1139 663 1317 689 mittendam:
1345 668 1487 697 nequeunt
1513 662 1648 697 praedicti
1673 662 1899 695 archiepiscopus
1923 661 1986 687 velg
2012 661 2072 687 eius

1141 697 1300 723 officialisss*
1318 698 1477 731 prohibere,
1491 706 1525 723 ne
1539 697 1707 731 procedatur
1719 696 1747 721 in
1761 704 1854 728 causa,
1867 695 1919 721 nisi
1933 696 2008 729 prius
2023 703 2071 729 ap-

1141 732 1291 765 pellatione
1305 737 1428 766 recepta,
1445 733 1520 758 velut
1539 731 1642 757 emissa
1655 739 1688 756 ex
1702 739 1787 756 causa
1804 730 1951 764 probabili,
1969 737 2072 763 cogno-

1141 774 1219 792 scere
1236 766 1368 800 incipiant
1390 767 1426 792 de
1445 775 1528 792 causa
1545 765 1718 797 huiusmodi,
1739 773 1776 790 an
1793 764 1828 790 sit
1845 773 1919 790 vera.
1954 763 1975 798 ξ.
1991 771 2014 797 5.
2043 763 2072 789 Si

1141 804 1234 826 autem
1253 806 1316 834 post
1331 801 1499 827 sententiam
1512 800 1539 826 in
1553 800 1663 826 casibus
1681 808 1698 825 a
1715 800 1773 825 iure
1790 798 1946 832 prohibitis,
1964 799 2073 832 (utpote

1140 842 1156 859 a
1169 835 1308 860 sententia
1320 844 1404 869 super
1417 835 1566 861 manifesto
1581 839 1608 860 et
1626 834 1735 860 notorio
1754 833 1882 865 crimine,
1899 833 1945 858 vel
1962 833 1998 858 de
2016 841 2072 866 quo

1140 869 1202 902 quis
1221 869 1248 894 in
1266 869 1324 895 iure
1341 870 1487 896 consessus
1506 869 1624 901 exstitit,
1646 868 1836 902 promulgata,
1858 867 1903 893 vel
1925 867 2073 893 consimili-

1131 903 1234 935 *bus)¹0
1250 904 1422 941 appellatum
1435 904 1522 929 fuisse
1536 904 1654 929 dicatur:
1678 906 1806 937 possunt,
1824 910 1859 927 ne
1876 901 2015 927 sententia
2028 910 2073 927 ex-

1141 937 1274 962 secutioni
1289 938 1444 970 mandetur,
1463 942 1614 972 postquam
1628 945 1800 970 cognoscere
1814 936 1967 970 coeperint,
1980 940 2073 961 utrum

1141 971 1177 996 sit
1199 971 1360 1005 recipienda
1380 973 1453 998 ve111
1476 981 1532 998 non
1554 972 1705 1006 appellatio
1724 971 1759 996 ab
1782 979 1816 997 eo
1834 970 2012 1004 interposita,
2033 970 2073 996 in-

1140 1005 1246 1031 hibere.
1282 1005 1302 1040 ξ
1317 1009 1340 1032 6.
1366 1007 1396 1032 In
1408 1007 1493 1032 alium
1507 1015 1630 1040 quoque,
1649 1006 1695 1040 qui
1709 1006 1782 1031 circa
1798 1013 1867 1037 rem,
1885 1005 1920 1030 de
1935 1013 1990 1038 qua
2003 1005 2074 1030 inter

1140 1040 1330 1074 appellantem
1355 1045 1383 1066 et
1407 1041 1580 1075 appellatum
1604 1040 1795 1066 controversia
1815 1039 1944 1071 vertitur,
1969 1039 2075 1073 aliquid

1140 1079 1206 1107 post
1228 1083 1324 1100 eorum
1342 1075 1537 1101 inhibitionem
1554 1074 1692 1101 attentat¹¹
1711 1082 1766 1099 non
1784 1074 1904 1099 valetlz*
1926 1074 2074 1099 occasione

1140 1109 1301 1134 huiusmodi
1323 1109 1542 1136 iurisdictionem
1563 1110 1686 1143 aliquam
1707 1108 1858 1134 vindicare.
1893 1107 1914 1142 ξ.
1929 1116 1952 1141 7.
1982 1108 2074 1141 Quum

1140 1152 1206 1169 vero
1220 1143 1252 1175 is,
1267 1143 1313 1177 qui
1327 1143 1363 1169 ad
1376 1144 1545 1170 Remensem
1559 1145 1663 1169 curiam
1677 1152 1761 1177 super
1773 1143 1866 1176 aliqua
1879 1150 1963 1168 causa
1975 1150 2075 1168 vocem

1141 1178 1337 1211 appellationis
1351 1178 1461 1211 emittit,
1474 1179 1653 1204 nihilominus
1666 1178 1694 1203 in
1707 1177 1798 1203 causis
1811 1177 1871 1202 aliis
1885 1177 2017 1202 ordinarii
2031 1177 2073 1202 sui

1141 1212 1325 1237 iurisdictioni
1339 1212 1526 1238 subiiciaturi:
1550 1213 1697 1238 Remensis
1715 1212 1943 1245 archiepiscopus
1955 1211 2001 1237 vel
2013 1211 2074 1237 offi-

1142 1246 1219 1272 cialis
1238 1247 1324 1280 ipsius
1332 1247 1372 1264 13*
1393 1255 1573 1281 nequaquam
1586 1247 1806 1272 iurisdictionem
1819 1246 1909 1280 ipsam
1922 1245 1950 1271 in
1967 1246 2028 1271 aliis
2035 1245 2074 1264 14*

1142 1281 1310 1314 impediant,
1332 1286 1361 1306 ut
1370 1281 1408 1299 ¹5*
1431 1282 1467 1307 ab
1489 1282 1616 1307 eiusdem
1637 1281 1769 1306 ordinarii
1791 1284 1931 1314 potestate
1952 1280 2076 1306 totaliter

1141 1315 1263 1341 eximant
1281 1315 1373 1341 taliter
1389 1316 1588 1350 appellantem.
1623 1315 1645 1349 ξ.
1659 1318 1682 1341 8.
1708 1315 1802 1341 Debet
1818 1319 1913 1340 autem
1926 1314 1963 1340 ad
1976 1323 2025 1341 eos
2039 1315 2074 1340 ab

1142 1350 1281 1383 episcopis
1310 1350 1454 1383 praefatae
1483 1350 1641 1384 provinciae
1671 1358 1755 1383 super
1783 1349 1887 1381 causis,
1917 1349 1944 1374 in
1974 1349 2074 1383 quibus

1142 1385 1327 1418 temporalem
1351 1385 1570 1411 iurisdictionem
1600 1388 1743 1415 exercent,
1771 1383 1824 1409 nisi
1853 1383 1925 1409 forte
1950 1383 1986 1409 de
2010 1392 2075 1409 con-

1142 1419 1290 1444 suetudine
1316 1423 1363 1444 aut
1389 1419 1535 1453 privilegio
1558 1419 1614 1444 sive
1637 1419 1695 1444 iure
1717 1418 1770 1444 alio
1793 1417 1908 1451 speciali
1926 1417 1960 1444 sit
1977 1418 2074 1452 appel-

1142 1453 1255 1479 landum
1268 1453 1304 1478 ad
1317 1453 1410 1486 alium,
1427 1453 1572 1487 appellari.
1608 1453 1630 1487 ᾖ.
1644 1461 1668 1484 9.
1693 1453 1852 1478 Sententias
1866 1460 1980 1486 quoque
1992 1453 2075 1478 inter-

1142 1487 1221 1519 dicti,
1239 1488 1313 1513 νε]16
1330 1488 1522 1522 suspensionis
1541 1496 1590 1514 seu
1609 1487 1916 1519 excommunicationis,
1933 1487 1961 1512 in
1978 1487 2075 1521 appel-

1141 1522 1246 1548 lantem
1263 1522 1298 1548 ab
1317 1530 1361 1554 eo,
1379 1531 1396 1548 a
1413 1531 1468 1556 quo
1487 1522 1661 1556 appellatum
1678 1521 1851 1555 proponitur,
1874 1521 2074 1555 promulgatas,

1141 1557 1307 1589 nullatenus,
1325 1557 1377 1582 nisi
1391 1557 1496 1582 vocatis
1514 1557 1639 1590 partibus
1653 1561 1681 1582 et
1694 1556 1730 1581 de
1743 1555 1932 1589 appellatione
1950 1556 2075 1589 legitime

1141 1591 1263 1624 cognito,
1280 1596 1413 1617 revocent
1425 1596 1473 1617 aut
1491 1591 1659 1617 denuncient
1673 1599 1736 1617 esse
1748 1591 1846 1616 nullas.
1881 1589 1902 1624 ξ.
1919 1598 1958 1616 10.
1983 1590 2076 1624 Quum

1140 1630 1234 1651 autern
1263 1626 1299 1651 ad
1324 1626 1493 1652 Remensem
1518 1625 1759 1659 archiepiscopum
1787 1625 1822 1650 ab
1851 1624 1995 1650 audientia
2018 1624 2074 1650 suf-

1141 1659 1265 1693 fraganei
1290 1661 1331 1686 sui
1362 1669 1447 1694 super
1475 1661 1569 1694 aliqua
1593 1668 1677 1686 causa
1705 1659 1788 1685 fuerit
1816 1664 1881 1685 ante
1906 1659 2075 1685 sententiam

1140 1695 1325 1728 appellatum:
1354 1695 1430 1720 idem
1452 1695 1693 1728 archiepiscopus,
1718 1698 1869 1728 postquam
1893 1693 1929 1719 de
1951 1693 2074 1728 appella-

1141 1729 1216 1754 tione
1229 1730 1342 1762 cognito
1356 1729 1520 1762 constiterit,
1535 1738 1597 1755 eam
1609 1729 1699 1754 minus
1713 1728 1908 1754 rationabilem
1925 1728 2075 1760 exstitisse,

1140 1764 1298 1788 causamff'
1323 1764 1359 1789 ad
1381 1764 1503 1790 eundem
1525 1764 1731 1797 suffraganeum
1756 1763 1898 1789 remittere
1920 1771 1976 1788 non
1999 1767 2075 1797 post—

1140 1802 1234 1831 ponat.

1547 1850 1563 1870 C
1570 1850 1619 1869 ΑΡ.
1635 1851 1672 1870 1v.

1140 1884 1164 1904 Si
1179 1884 1245 1902 iudex
1261 1885 1379 1908 requisitus
1393 1890 1438 1903 non
1453 1885 1520 1904 tradit
1534 1885 1654 1908 apostolos,
1669 1886 1690 1903 et
1704 1884 1781 1908 postea
1794 1884 1896 1908 procedit
1908 1884 1932 1902 in
1943 1889 2015 1907 causa,
2030 1889 2076 1903 non

1182 1910 1242 1929 valet
1251 1916 1374 1934 processus,
1386 1911 1430 1929 nisi
1440 1911 1596 1930 renunciatum
1606 1911 1684 1930 fuisset
1693 1910 1846 1934 appellationi.
1873 1910 1952 1929 Ioann.
1962 1910 2033 1929 Andr.

1548 1952 1667 1978 Idemss.

1209 1995 1246 2020 Ut
1269 2004 1353 2029 super
1370 1996 1559 2029 appellatione
1576 2004 1608 2021 ac
1627 1995 1686 2021 eius
1704 2003 1790 2021 causa
1808 1995 1950 2021 instructio
1969 1995 2076 2021 facilior

1140 2029 1233 2055 valeat
1246 2030 1271 2054 in
1287 2038 1420 2063 processu
1434 2030 1543 2055 haberi:
1569 2030 1694 2055 districte
1708 2029 1906 2063 praecipimus,
1925 2030 2002 2063 quod
2019 2030 2074 2062 ille,

1139 2073 1156 2090 a
1174 2072 1229 2097 quo
1248 2064 1416 2098 appellatur,
1439 2065 1583 2098 apostolos
1601 2064 1755 2098 appellanti
1773 2064 1848 2090 iuxta
1865 2069 1992 2090 tenorem
2010 2072 2074 2090 con-

1140 2098 1291 2124 stitutionis
1309 2103 1422 2124 nostrae
1440 2107 1524 2132 super
1542 2099 1594 2124 hoc
1613 2099 1706 2124 editae
1725 2099 1828 2124 tribuat
1850 2099 2010 2132 requisitus.
2046 2099 2075 2125 Si

1140 2141 1206 2159 vero
1221 2141 1275 2158 non
1290 2133 1455 2164 exhibuerit,
1474 2137 1584 2165 extunc,
1603 2133 1625 2159 si
1640 2133 1711 2159 forte
1725 2133 1752 2158 in
1765 2141 1849 2158 causa
1861 2133 2004 2167 procedat,
2021 2133 2073 2159 nisi

1140 2167 1322 2201 appellationi
1340 2168 1531 2193 renunciatum
1549 2168 1642 2200 fuerit,
1661 2167 1720 2193 eius
1734 2167 1869 2193 invalidus
1888 2172 1917 2193 et
1935 2167 2025 2193 irritus
2039 2169 2075 2194 sit

1139 2210 1298 2236 processus.

1553 2254 1569 2274 C
1576 2255 1626 2273 ΑΡ.
1641 2255 1667 2274 V.

1138 2289 1206 2307 Iudex
1222 2289 1378 2313 appellationis
1393 2289 1468 2313 inique
1482 2289 1631 2313 appellantem
1642 2290 1694 2308 ante
1703 2289 1837 2308 sententiam
1848 2289 1962 2308 remittere
1972 2289 2039 2308 dehet
2048 2289 2076 2308 ad

1139 2315 1234 2334 iudicem
1246 2315 1398 2338 principalem.
1406 2317 1426 2333 et
1438 2316 1460 2334 in
1471 2316 1574 2339 expensis
1585 2315 1742 2337 condemnare,
1750 2317 1770 2333 et
1781 2315 1830 2339 hoe,
1841 2315 1859 2333 si
1869 2315 1999 2338 principalis
2009 2315 2077 2334 iudex

1139 2347 1184 2359 non
1195 2341 1304 2359 detulerat
1315 2341 1470 2364 appellationi3
1486 2342 1531 2364 sed,
1547 2341 1565 2360 si
1576 2341 1662 2363 detulit.
1678 2346 1723 2359 non
1739 2341 1776 2359 fiet
1787 2341 1887 2359 remissio
1898 2341 1925 2359 de
1935 2341 2075 2360 necessitate.

1138 2367 1163 2385 ln
1191 2366 1378 2390 appellationibus
1406 2367 1543 2391 interpositis
1570 2373 1582 2385 a
1609 2366 1726 2386 definitiva
1757 2367 1849 2390 antiqua
1875 2367 1925 2386 iura
1952 2368 2075 2386 serventur.

1530 2393 1608 2412 Ioann.
1619 2393 1688 2411 Andr.

1498 2443 1654 2469 Clemens
1674 2443 1719 2468 1V.

1208 2486 1299 2519 Quum
1317 2485 1552 2519 appellationibus
1570 2485 1674 2511 frivolis
1692 2494 1744 2511 nec
1761 2485 1865 2511 iustitia
1883 2485 2005 2518 deferat,
2022 2493 2074 2512 nec

1141 2520 1176 2546 sit
1199 2529 1215 2545 a
1236 2520 1327 2545 iudice
1349 2519 1542 2552 deferendum,
1567 2520 1589 2546 si
1612 2520 1694 2546 iudex
1719 2520 1833 2546 inferior
1857 2519 2074 2554 appellationem

1139 2555 1230 2580 minus
1244 2554 1397 2587 legitimam
1412 2562 1466 2579 non
1480 2554 1620 2587 admittat,
1635 2562 1697 2580 eam
1710 2555 1884 2588 appellatore
1897 2554 2074 2580 nihilominus

1141 2594 1343 2623 prosequente:
1375 2588 1516 2622 superior,
1541 2589 1576 2615 de
1602 2589 1663 2623 ipsa
1688 2597 1877 2622 cognoscens,
1902 2596 2014 2614 causam
2038 2589 2075 2614 ad

1140 2624 1262 2658 priorem
1275 2623 1396 2650 iudicem
1413 2624 1488 2649 iuxta
1501 2623 1659 2650 sanctiones
1673 2623 1821 2649 canonicas
1839 2623 1899 2649 sine
1912 2622 2075 2649 difficultate

1143 2727 1249 2760 Compz'l.
1263 2736 1284 2752 c.
1300 2735 1323 2759 3.
1336 2727 1358 2751 Ῐι.
1373 2731 1405 2757 l.,·
1427 2727 1508 2752 Bulla
1524 2728 1570 2752 Ad
1587 2729 1691 2760 exped.
1711 2736 1753 2752 ηυ.
1768 2733 1807 2758 27.
1852 2726 1878 2758 b)
1891 2726 2076 2752 archidiacono:

1142 2762 1224 2788 Jahcd
1266 2762 1289 2795 c)
1303 2763 1429 2786 officiales:
1443 2762 1537 2786 Jabccle
1579 2761 1606 2794 d)
1617 2763 1744 2786 officiales:
1757 2761 1817 2787 che
1859 2760 1882 2793 e)
1893 2769 1958 2784 eam:
1971 2760 2072 2786 Iabcde.

1142 2797 1164 2828 s)
1178 2797 1240 2822 sore:
1256 2796 1287 2821 ib.
1324 2796 1351 2829 g)
1365 2802 1387 2821 et
1402 2796 1457 2829 (ci.:
1474 2796 1562 2828 ἄρσε-ί).-
1580 2796 1668 2821 laboti.
1705 2796 1731 2829 h)
1745 2799 1858 2820 attentet:
1876 2793 1939 2819 Iabc

1142 2833 1231 2856 iaceat:
1250 2830 1351 2856 Iabcde.

1211 2867 1280 2898 Cap.
1299 2867 1343 2890 IV.
1382 2864 1406 2898 a)
1426 2865 1573 2890 Decretalis
1589 2869 1673 2889 sumta
1690 2868 1725 2890 es!
1746 2872 1776 2888 ez
1792 2870 1834 2895 ea,
1856 2870 1922 2896 quae
1937 2863 2074 2896 incipiens:

1142 2901 1382 2926 Venerabilibus
1399 2900 1545 2925 fratribus
1563 2899 1689 2924 invenitur
1701 2897 1774 2930 infra
1786 2897 1820 2922 ad
1832 2897 1938 2930 c.7.(5.
1955 2898 2004 2931 11.)

1983 2794 2001 2827 i)
2018 2797 2074 2820 sub-

1141 3012 1162 3035 6)
1173 3012 1258 3032 taliter:
1273 3011 1441 3031 ABCDEFIabrle
1489 3010 1509 3035 7)
1520 3016 1597 3030 causa:
1611 3009 1679 3029 deest:
1693 3008 1753 3028 codd.
1763 3007 1809 3028 coll.
1820 3008 1895 3027 lala-dc

1142 3039 1162 3061 9)
1173 3038 1292 3057 officiales:
1307 3037 1413 3057 Belahrtlc
1462 3036 1494 3059 10)
1504 3036 1627 3056 similibus:
1641 3034 1710 3054 ACIJE
1756 3034 1838 3057 11)an:
1854 3034 2012 3057 BCDFIabcrlc:
2026 3039 2075 3056 aut:

1143 3064 1174 3082 ,tc
1220 3066 1252 3089 12)
1259 3064 1345 3083 valent:
1360 3062 1516 3083 .›t1›’01)labcelc;
1530 3062 1626 3080 valeret:
1640 3059 1673 3079 FO
1726 3060 1758 3083 13)
1768 3061 1828 3079 eius:
1843 3060 1884 3083 AQ-
1899 3061 1946 3081 eius
1957 3062 2075 3082 officiales:

1142 3089 1205 3108 [abac
1271 3090 1303 3114 14)
1314 3089 1370 3108 illis:
1384 3088 1457 3107 Clhccle
1518 3086 1551 3110 15)
1561 3088 1609 3105 aut:
1624 3085 1746 3108 Relatum,-
1760 3086 1808 3105 vel:
1822 3085 1839 3106 Δ
1852 3091 1890 3105 ac:
1903 3086 1930 3106 Id
1986 3088 2018 3113 16)
2028 3089 2076 3109 vel:

1340 3116 1373 3139 17)
1383 3113 1446 3134 adab:
1461 3113 1544 3138 ipsam:
1557 3111 1672 3132 Belabcac.

1937 3009 1958 3032 8)
1968 3015 2005 3029 ac:
2020 3011 2076 3031 BCIc
