2243 3288
133 219 183 248 857

135 301 215 328 testes,
237 303 301 330 quos
317 298 343 320 tu
365 293 512 325 induaeeras,
535 295 660 328 deponere
682 299 836 320 curaverunt
856 294 1000 319 huiusmodi
1019 295 1073 319 rati

133 332 282 358 habitionem
304 334 326 354 te
342 337 394 353 non
414 329 562 362 simpliciter
583 330 628 354 sed
649 329 854 355 cmulitionaliter
875 329 1029 362 cmpressisse
1049 329 1072 354 si

134 366 245 392 videlicet
271 364 410 389 secundum
438 364 610 389 attestationes
634 364 765 395 confectas
789 364 915 396 neyotium
943 363 1069 397 finiretur.

137 400 263 429 Ceterum,
290 399 403 423 Ioannes
427 398 536 429 Caesar,
559 399 699 423 canonicus
720 400 834 423 Sanctae
857 398 960 429 Crucis,
983 397 1070 429 suerat

135 434 202 460 test1‘s
218 433 342 463 inductus,
361 436 383 457 et
403 432 513 457 Jlichael
525 433 598 458 Petri
609 438 632 457 et
645 433 697 464 alii,
715 442 778 466 quos
796 437 821 457 tu
835 433 982 463 induxeras,
996 433 1070 464 depo-

133 476 213 499 suere,
230 467 317 497 iurati,
336 467 404 500 quod
420 475 467 491 nos
480 475 577 491 snrznem
590 467 663 492 huius
676 467 770 499 neyotii
780 467 908 491 veritatem
926 466 1071 498 feceramus

129 511 177 536 per
192 502 291 536 primos
308 501 401 526 iudices
418 501 546 534 deleqatos
563 501 665 535 inquiri,
683 506 706 526 et
724 502 758 526 ad
774 510 820 526 nos
835 501 951 525 universa
969 500 1070 532 referri,

132 538 218 570 sicque
233 535 501 568 pronuntiaveranius,
520 536 634 560 otrmibus
651 536 783 569 diliqenter
801 535 928 568 inspectis,
951 544 1002 559 non
1024 535 1070 559 im-

128 570 216 604 pediri
231 575 299 595 tuum
321 570 480 603 propositum
494 578 542 602 per
559 571 664 595 obiecta.
705 571 774 595 Idem
793 578 891 603 quoque
911 570 1028 600 Ioannes,
1048 574 1070 594 et

133 605 244 631 Michaet
268 604 351 635 Pet-ri,
381 608 467 628 utrum
492 605 705 630 renuntiationem
730 605 823 629 decani
845 608 928 629 ratum
954 604 1070 629 habueris

132 639 253 672 requisiti,
271 638 397 669 ‹haer-unt,
414 647 440 663 se
458 639 488 664 de
505 639 551 663 hoc
565 639 667 672 penitus
684 639 746 663 nihil
761 639 841 669 scire;
857 639 902 663 sed
918 643 1009 663 contra
1026 639 1071 662 hos

131 673 180 706 fuit
197 682 227 698 ex
241 677 317 706 parte
329 674 443 698 Sanctae
457 673 548 698 Crucis
566 673 696 704 obiectum,
715 681 758 697 eos
773 673 822 697 sibi
837 674 983 697 contrarios
996 673 1070 697 exsti-

132 709 198 739 tisse,
216 716 291 741 quum
306 707 382 740 prius
398 707 519 732 dixissent
531 716 558 732 se
574 708 647 732 nobis
660 712 738 732 totam
751 707 880 732 veritatem
898 707 993 740 neyotii
1005 712 1070 731 retu-

131 743 190 768 lisse
203 750 234 767 ac
246 742 356 766 secundo
370 742 437 775 quod
449 742 479 766 de
491 742 545 767 rati
554 742 689 772 habitione,
703 750 768 775 quae
778 747 833 767 ertit
844 742 919 775 quasi
928 742 1071 774 praecipua

128 785 195 810 pars
211 777 284 801 huius
301 777 402 809 neyotit,
420 785 472 800 non
489 775 605 808 fecerant
622 777 782 802 mentionem.
824 777 863 801 Tu.
885 785 942 801 cero
960 777 1069 806 dicebas,

133 812 200 845 quod
212 811 274 842 testi,
294 819 367 844 quem
382 818 447 843 pars
460 812 575 836 Sanctae
590 811 680 836 Crucis
693 811 836 842 induxerat,
850 811 1002 835 credendum
1015 815 1071 835 erat

132 846 220 870 merito
239 849 330 870 contra
347 853 411 870 eam.
448 845 549 870 Iudices
563 845 647 877 iyitur,
665 845 821 870 attendentes
838 846 863 870 in
880 845 959 869 literis
976 845 1071 869 nostris

132 880 330 913 appellationem
346 879 425 910 fuisse
445 879 605 912 prohibitam,
623 888 669 904 nec
686 879 809 904 exstitisse
826 879 1003 910 conditionem,
1025 879 1071 903 sub

132 923 183 949 qua
201 918 286 939 ratum
302 913 394 938 habere
410 918 433 938 te
449 914 560 945 disoeras,
583 914 651 948 quod
671 913 768 945 factum
786 913 872 945 fuerat
890 923 905 939 a
922 915 1027 944 ‹lec-ano,
1049 918 1072 938 et

131 949 200 983 quod
211 957 258 973 nos
271 948 385 981 inspecta
399 949 474 973 totius
486 949 580 981 neyotii
590 948 702 979 veritate,
719 949 992 981 pronuncianeramus,
1011 957 1071 973 cau-

131 992 187 1008 sam
200 987 270 1008 tuam
283 991 335 1007 non
347 982 436 1007 debere
450 991 499 1015 per
511 992 549 1014 ea,
567 991 634 1016 quae
645 983 766 1007 canonici
777 986 890 1008 Sanctae
905 986 914 1007 (
923 983 994 1007 'rucis
1007 983 1071 1007 obie-

133 1021 230 1049 cerant,
248 1017 371 1050 impediri,
390 1017 580 1042 considerantes
597 1017 680 1047 etiam,
698 1018 767 1050 cptod
777 1026 841 1050 pars
855 1020 968 1041 Sanctae
983 1017 1073 1041 Crucis

128 1052 289 1085 praedictum
307 1052 440 1081 Ioannem,
459 1060 532 1085 quem
546 1052 601 1084 ipsa
617 1052 785 1084 prmturerat,
804 1056 825 1076 et
844 1052 888 1085 qui
899 1052 991 1076 iudices
1004 1051 1073 1083 ipsos

131 1095 209 1120 super
231 1086 270 1117 iis,
295 1094 360 1120 quae
381 1094 469 1111 coram
491 1086 564 1110 nobis
586 1091 646 1111 acta
666 1085 780 1117 fuerant,
803 1086 951 1116 instrzudntt,
973 1086 1073 1118 plenius

133 1121 303 1154 reprobasset,
321 1121 467 1145 interlocuti
481 1125 540 1145 sunt
554 1121 584 1145 de
597 1121 720 1154 prudenti
736 1121 852 1151 concilio,
868 1128 1015 1153 processum
1030 1128 1073 1144 ne-

131 1155 202 1188 yotii,
215 1155 284 1188 quod
296 1155 330 1180 eis
342 1154 429 1186 suerat
442 1155 593 1188 deleyatum.
608 1155 725 1188 impediri
736 1156 766 1180 de
779 1155 834 1179 iure
847 1164 897 1179 non
908 1163 985 1188 posse
998 1163 1072 1179 occa-

132 1191 204 1214 sione
224 1190 355 1222 oppositae
375 1189 508 1221 falsitati-5.
546 1189 654 1220 Deinde,
676 1199 754 1223 (ptum
776 1190 866 1214 vellent
888 1189 913 1213 in
933 1189 1076 1222 principali

129 1224 279 1257 procedere,
294 1224 370 1256 prior
381 1224 496 1249 Sanctae
511 1224 602 1249 Crucis
615 1224 765 1257 multiplices
778 1224 967 1248 recusationum
980 1231 1074 1248 causas

131 1259 257 1292 opposuit,
265 1266 330 1292 quas
339 1259 398 1292 quia
408 1259 502 1283 iudices
512 1257 621 1290 frivolas
632 1262 777 1291 reputantes
788 1258 919 1283 admittere
929 1267 943 1282 n
948 1259 1073 1288 oluerunt,

130 1293 212 1327 prior,
227 1293 297 1317 (mini
308 1301 403 1318 causae
415 1301 477 1317 suae
490 1292 636 1324 defensione
648 1293 771 1325 ncylecta,
789 1301 816 1317 se
833 1293 1016 1317 contumaciter
1030 1292 1073 1316 ab·

132 1328 253 1358 sentacit,·
265 1328 309 1352 sed
321 1332 343 1352 et
356 1336 402 1351 nos
413 1328 586 1352 recusationes
596 1328 744 1360 praedictas
754 1336 784 1351 ea
800 1327 959 1360 postmodum
976 1326 1074 1351 ratione

133 1362 261 1387 invalidas
278 1362 458 1394 reputairnzus,
481 1362 549 1395 quod
570 1362 730 1386 contumacia
749 1362 834 1394 partis
850 1363 964 1386 Sanctae
983 1361 1074 1385 Crucis

133 1405 186 1421 non
207 1397 256 1428 fuit
277 1397 402 1421 diminuta
423 1397 468 1421 sed
487 1395 585 1430 aucta]
626 1396 735 1422 Iudices
757 1396 882 1421 autem1³
902 1394 1073 1420 sufficienter

133 1431 257 1456 actumst
274 1439 338 1456 esse
352 1430 388 1456 de
401 1439 486 1456 causa
499 1430 657 1463 credentes,
675 1430 879 1455 attestatiumitms
892 1434 913 1455 et
932 1429 1073 1454 rationibus

130 1465 263 1499 utriusque
272 1465 356 1498 partis
369 1465 502 1498 diliyenter
519 1465 647 1498 inspectis,
664 1465 865 1490 monasterium
878 1469 992 1489 sanctae
1005 1463 1072 1489 Cru-

135 1499 174 1525 cis
187 1499 215 1525 in
228 1498 369 1533 expensis,
381 1507 450 1533 quas
464 1507 515 1533 per
525 1499 738 1533 quadriennium
749 1499 899 1524 occasione
912 1497 1073 1523 huiusmodi

134 1534 241 1567 negotii
259 1534 400 1559 iuraveras
419 1538 447 1559 te
464 1533 575 1566 fecisse,
592 1539 615 1558 et
632 1542 699 1567 quae
716 1533 902 1567 quinquaqinta
924 1541 1072 1557 marcarum

134 1569 196 1594 auri
214 1577 340 1593 summam
363 1568 498 1601 attinyunt,
522 1569 566 1593 tibi
581 1569 611 1593 de
626 1567 810 1601 prmtemmnh')
832 1567 940 1592 concilio
958 1567 1072 1592 damna-

133 1603 236 1634 runtlss,
253 1603 426 1628 infirmantes
444 1611 494 1628 sua
511 1603 650 1628 sententia
666 1603 835 1633 libertatern,
854 1610 939 1635 quam
953 1601 1072 1626 dictusff

134 1638 172 1663 M.
187 1637 376 1663 Colubriensis
390 1637 540 1671 episcopus
557 1638 583 1662 in
596 1646 699 1662 enorme
711 1637 885 1662 detrimentum
902 1635 1074 1661 Colubriensis

134 1673 256 1697 ecclesiae
273 1671 427 1697 contulerat
444 1671 616 1697 monasterio
634 1672 662 1697 S.
681 1671 787 1703 Crucis,
809 1671 1007 1696 canonicorum
1029 1678 1073 1695 as—

134 1714 219 1732 sensu
241 1714 292 1740 per
310 1715 467 1740 praeconem
493 1707 606 1739 episcopi
625 1711 647 1731 et
673 1705 827 1740 portarium
852 1706 926 1738 regis
953 1708 1072 1730 extorto.

133 1741 292 1773 Praeterea,
321 1741 416 1774 quia13
444 1740 521 1766 idem
545 1741 582 1766 M.
607 1740 811 1774 praedecessor
836 1739 929 1765 tuus¹⁰
953 1738 1073 1764 fuerat²⁰

135 1775 284 1800 canonicus
303 1774 447 1808 regularis,
465 1779 494 1800 et
507 1775 562 1800 duo
580 1775 665 1800 millia
683 1774 978 1805 Marabatinorum21*,
1000 1781 1073 1806 quae

134 1809 303 1843 acquisierat
316 1809 344 1834 in
358 1809 522 1843 episcopum
535 1810 590 1835 iam
603 1814 757 1843 promotus,
770 1809 941 1834 monasterio
955 1807 1073 1833 dederat

134 1849 303 1876 memorato,
334 1843 539 1878 [monasterium]
564 1844 656 1878 ipsum
685 1843 721 1869 ad
746 1843 952 1870 restitutionem
976 1850 1073 1868 eorum

134 1878 241 1904 iudices
255 1878 484 1904 condemnarunt.
520 1879 636 1912 Insuper
653 1883 704 1903 tam
722 1878 832 1903 decimas
845 1886 921 1911 quani
936 1877 1073 1902 ecclesiae

135 1921 244 1945 omnes,
261 1921 332 1946 quas
351 1913 381 1938 de
397 1921 475 1938 manu
493 1913 559 1946 reyis
572 1914 610 1937 vel
626 1913 746 1941 aliorum,
764 1913 890 1938 laicorum
902 1912 954 1936 sice
967 1911 1072 1936 clerico-

135 1956 200 1978 rum,
222 1947 422 1973 monasterium
440 1952 552 1981 praeter
572 1947 697 1981 episcopi
717 1946 908 1973 Colubriensis
925 1953 1072 1971 assensum

133 1986 274 2015 receperat,
293 1986 316 2006 et
332 1990 397 2015 quas
414 1982 439 2006 in
452 1982 588 2007 ΙΣ(ιίι-εη.2Ζ
607 1983 644 2007 cel
662 1982 720 2007 aliis
737 1982 808 2012 locis,
827 1981 852 2005 in
871 1980 1073 2005 attestationibus

135 2017 330 2050 comprehensis,
345 2016 458 2050 propria
468 2016 634 2042 auctoritate
644 2016 813 2047 fundaratss'ss,
827 2015 934 2050 [scilicet
945 2015 1072 2047 capellam

134 2051 229 2076 Sancti
238 2051 346 2076 Ioannis
364 2051 389 2075 iu
406 2051 526 2075 suburbio
547 2051 724 2076 Colimbriensi
740 2054 921 2080 constructam,
940 2049 1072 2073 ecclesiam

134 2086 165 2110 de
181 2085 305 2111 Toaceiro
322 2086 352 2110 de
366 2085 499 2116 Laurizal,
517 2085 547 2110 (le
562 2085 643 2116 Mira,
661 2085 691 2110 de
707 2087 826 2116 Sorenes,
844 2084 938 2109 Sancti
948 2083 1073 2114 Facundi,

136 2120 300 2145 Heremidam
319 2120 412 2145 Sancti
429 2120 540 2144 Martini
558 2120 588 2144 de
606 2120 731 2152 Ayoacla,
754 2119 887 2144 ecclesiam
905 2119 936 2142 de
953 2117 1073 2148 Jlortedi,

133 2155 164 2180 de
180 2155 343 2185 Travanclza,
366 2156 480 2179 Sanctae
496 2154 619 2179 Marinae
636 2154 662 2178 in
678 2156 757 2184 Sena,
779 2153 872 2179 Sancti
889 2152 1002 2177 Romani
1017 2160 1074 2177 cum

134 2193 242 2223 utroque
258 2189 320 2219 iure,
339 2189 472 2213 ecclesiam
489 2189 580 2214 Sancti
592 2188 748 2219 Sebastiani,
766 2192 788 2213 et
807 2195 894 2212 ornnes
911 2186 1031 2211 ecclesias
1049 2187 1074 2211 in

135 2228 221 2249 castro
239 2223 344 2248 Seirene
360 2227 383 2247 et
404 2223 518 2248 terminis
535 2223 588 2247 eius
609 2222 741 2254 fundatas,
762 2222 911 2247 hereditates
932 2229 1031 2254 quoque
1048 2221 1072 2245 in

135 2258 339 2283 attestationibus
361 2258 556 2290 comprehensas
575 2257 743 2290 proprietatis
764 2257 827 2287 iure,
848 2255 958 2281 ridelicet
978 2255 1072 2279 heredi-

135 2297 200 2318 tates
216 2293 247 2317 de
259 2293 360 2317 Laraes
378 2300 434 2316 cum
453 2292 560 2316 ecclesia
576 2300 624 2316 sua
642 2292 672 2316 de
685 2291 827 2322 Buarchos,
845 2291 875 2315 de
893 2290 1026 2320 Cassaira,
1045 2289 1075 2314 de

134 2328 242 2358 Eimedi,
265 2327 295 2352 de
311 2329 408 2351 Sancto
433 2325 577 2357 Veris-simo,
600 2327 630 2351 de
648 2324 776 2360 Cabima,]
795 2325 861 2358 quia
878 2332 942 2358 pars
961 2328 1075 2349 sanctae

136 2361 232 2388 Crucis
246 2369 297 2387 nec
311 2360 540 2395 praescriptione,
558 2368 610 2386 nec
623 2360 789 2386 defensione
803 2359 886 2384 aliar-¹⁴
904 2358 1074 2392 probationi-

135 2396 188 2422 bus
201 2400 298 2421 contra
311 2404 341 2421 se
355 2395 435 2420 factis
449 2395 607 2426 obstiterat,
620 2395 776 2420 iudicarunt
789 2394 816 2419 in
830 2393 871 2419 ius
884 2392 1074 2418 Colubriensis

135 2430 271 2456 ecclesiae
289 2438 351 2455 cuin
374 2429 509 2455 fructibus
533 2429 619 2455 medii
641 2429 776 2463 temporis
798 2427 936 2459 revocari,
961 2426 1007 2461 †[,
1025 2427 1075 2451 duo

135 2473 247 2498 corpora
264 2469 433 2496 martianum,
455 2464 500 2498 qui
515 2463 728 2489 exconununicati
743 2464 912 2492 decesserant,
934 2461 963 2486 de
980 2470 1074 2486 coeme-

135 2500 197 2524 terio
215 2499 364 2524 monasterii
379 2499 537 2523 extumulari
551 2499 711 2529 mandantes,
730 2502 752 2522 et
769 2506 786 2522 a
805 2497 960 2521 monasterio
974 2496 1075 2529 penitus

134 2534 255 2559 armweri.
292 2534 468 2558 Decreverunt
481 2533 555 2558 etiam
571 2537 660 2565 partes
675 2532 859 2565 parochiarum
872 2531 964 2555 Sancti
979 2530 1075 2561 Iacobi,

134 2573 157 2594 et
170 2570 198 2594 S.
211 2569 307 2599 Iustae,
321 2576 388 2601 quae
399 2568 560 2592 demandato
575 2567 642 2599 reyio
654 2571 758 2599 praeter
769 2565 944 2591 auctoritatem
955 2565 1076 2589 ecclesiae

135 2603 231 2628 divisae
247 2602 352 2635 fuerant
369 2607 391 2627 et
413 2603 529 2635 capellae
546 2602 639 2627 Sancti
654 2601 762 2626 Ioannis
783 2601 904 2630 adiectae,
927 2599 962 2623 ad
982 2603 1075 2623 statum

136 2637 288 2670 inteyritatis
302 2637 404 2670 primae
422 2637 516 2667 reduci,
534 2640 557 2661 et
574 2636 701 2668 capellam
719 2635 812 2660 Sancti
827 2634 936 2659 loannis
952 2637 1075 2667 quantum

137 2672 171 2697 ad
192 2672 232 2696 ius
254 2671 406 2705 parochiale
424 2671 532 2704 pertinet
555 2670 746 2695 Colimbriensis
767 2669 888 2694 ecclesiae
909 2667 1078 2692 iuris-dictioni

135 2707 253 2739 supponi,
265 2710 364 2739 partem
378 2706 408 2730 de
421 2706 491 2730 bonis
504 2705 683 2736 decedentium,
696 2704 832 2729 secundum
848 2707 931 2727 terrae
944 2706 1074 2727 consuetu—

136 2741 228 2772 dinem,
242 2741 355 2766 ecclesiis
367 2740 418 2765 illis
432 2740 611 2765 restituendam
624 2747 678 2763 esse
691 2742 827 2769 censentes,
841 2746 857 2762 a
867 2737 956 2770 quibus
970 2736 1076 2761 viventes

136 2775 309 2800 ecclesiastica
317 2779 487 2807 perceperunt
496 2777 669 2798 sacramenta.
691 2773 843 2798 Iudicarunt
853 2772 957 2804 insuper
968 2770 1075 2802 vineam,

136 2818 214 2843 quam
231 2810 361 2843 quondam
375 2809 528 2834 Dominicus
540 2808 671 2833 Rozocida
684 2807 709 2831 in
724 2806 908 2839 praestz'numio
925 2805 958 2829 ab
970 2805 1076 2830 ecclesia

140 2844 318 2869 colimbriensi
333 2847 457 2875 tenuerat,
475 2847 497 2868 et
515 2843 657 2867 contulerat
674 2841 828 2866 monasterio
846 2842 959 2866 Sanctae
978 2839 1076 2871 Crucis,

139 2878 174 2903 ad
190 2878 229 2903 ius
243 2878 434 2904 Colimbriensis
449 2878 570 2903 ecclesiae
582 2876 708 2908 revocari,
726 2876 856 2909 ipsamque
870 2873 1077 2900 Cotimbriensem

191 2981 243 3000 Tit.
257 2981 360 3001 xxxm.
387 2981 448 3006 Cap.
464 2981 521 3001 xtv.
553 2979 587 3003 13)
597 2985 664 2999 vero:
679 2978 727 3001 Cbc:
741 2983 806 3003 orgo:
821 2976 869 3002 Rcy.
932 2976 965 3001 1-1)
975 2977 1078 2997 instructi

140 3005 208 3030 (essm
223 3006 300 3031 decim:
315 3007 352 3029 Cb.-
365 3006 428 3026 add„-
441 3007 557 3026 instructi:
572 3007 596 3025 σε
636 3005 668 3028 15)
679 3004 742 3024 add„-
755 3005 865 3023 virorum:
880 3002 930 3023 Cabc
983 3002 1016 3027 16)
1026 3008 1078 3022 con-

141 3031 286 3052 damnarunt:
299 3032 336 3052 Obc
345 3031 394 3057 Περ.
425 3032 458 3055 17)
469 3033 552 3052 dictus:
567 3032 633 3051 deest:
647 3031 712 3055 Caqtt:
726 3030 853 3055 praedictus
863 3029 911 3049 Col.
923 3034 968 3053 εμπ
983 3029 1021 3049 ctae
1029 3028 1077 3054 tuq.

142 3056 175 3082 18)
184 3058 254 3087 quod:
269 3057 294 3081 Cb
343 3058 376 3085 19)
385 3059 460 3084 praed.
471 3060 514 3080 tm:
528 3057 578 3079 add.
588 3063 601 3078 a
611 3057 686 3083 Raym.
726 3056 760 3081 20)
770 3056 837 3077 etlam
847 3055 889 3076 fua
903 3055 929 3076 Ch
965 3054 998 3082 21)
1008 3055 1079 3077 Mara-

428 216 638 243 DECRETAL.
658 216 822 244 GREGOR.
841 216 887 244 IX.
907 215 972 243 LIB.
992 216 1026 243 V.
1045 217 1114 243 TIT.
1134 217 1260 244 XXXIII.
1280 218 1330 244 DE
1350 218 1564 245 PRIVILECIIS
1584 222 1636 245 etc.
1656 226 1680 245 c.
1702 226 1740 251 14.

1993 216 2044 243 858

1104 296 1235 321 ecclesiam
1245 296 1279 321 ad
1289 296 1327 321 ius
1338 296 1506 329 possessionis
1516 297 1620 327 restitui,
1631 297 1666 321 ad
1675 305 1760 330 «pram,
1771 297 1835 321 sicut
1844 295 1930 328 fuerat
1941 295 2043 320 testibus

1105 331 1304 363 comprobatum,
1318 331 1424 363 sz'nyulzs
1434 331 1520 356 diebus
1532 331 1674 356 Dominicis
1684 331 1721 356 ire
1732 335 1914 356 consueverant
1925 330 2045 355 canonici

1104 367 1217 390 ,S'auctae
1240 366 1338 395 Crucis,
1363 366 1479 390 similiter
1499 366 1667 396 decernentes,
1695 369 1720 390 ut
1738 374 1789 398 pro
1811 365 1925 389 domibus
1946 365 2043 390 Portae

1106 399 1208 430 Norae,
1235 400 1259 423 in
1284 400 1373 433 quibus
1399 400 1457 424 olim
1486 400 1635 433 parochiale
1660 400 1698 424 ius
1723 400 1829 424 ecclesia
1853 399 2042 424 (ss'olimbriensis

1104 433 1218 464 turbelam,
1237 435 1418 458 monasterium
1436 436 1550 459 Sanctae
1564 434 1654 459 t'rueis·
1672 434 1825 459 tantmndem
1844 434 1907 458 iuris
1919 434 1975 458 loco
1989 433 2040 458 alio

1105 468 1259 500 competenti,
1273 473 1395 501 (patulum
1410 469 1435 493 in
1451 469 1588 501 praedictis
1607 469 1721 493 domibus
1734 469 1838 493 ecclesia
1853 467 2043 493 Colimbriensis

1105 503 1234 531 ‹uuis-erat,
1248 507 1426 535 recompenset.
1460 503 1557 529 l'erum.
1568 504 1698 527 ecclesiam
1710 503 1740 527 de
1752 503 1864 533 Quiaios,
1875 511 1952 536 quam
1964 510 2040 535 prae-

1104 537 1185 560 dictus
1204 537 1240 561 Ji.
1261 537 1449 562 Colimbriensis
1467 538 1608 569 episcopus,
1630 538 1660 561 de
1677 538 1861 561 canonicorum
1877 545 1982 561 suorum
1999 544 2041 560 as-

1104 579 1177 595 sensu
1201 576 1360 596 concesserat
1382 572 1536 596 monasterio
1557 574 1672 596 Sanctae
1695 572 1793 601 Crucis,
1818 571 1972 595 monasterio
1994 570 2045 603 ipsi

1105 605 1252 630 arlitulicare
1265 610 1397 630 curarunt.
1420 606 1524 631 Partem
1537 606 1567 629 dc
1580 606 1665 630 Parca
1680 606 1748 635 uilla,
1763 606 1820 630 licet
1833 606 1933 630 nomine
1948 605 2041 630 Colim-

1106 639 1211 664 brieusis
1228 641 1349 664 ecclesiae
1367 640 1396 664 de
1411 640 1522 672 pecunia
1541 640 1577 664 Ji.
1593 640 1719 672 quondam
1736 640 1831 672 prioris
1849 639 1936 672 ipsius,
1959 643 2042 672 empta

1104 673 1190 704 fuerit,
1213 679 1235 699 et
1249 675 1411 707 postnuntum
1433 674 1510 698 eidem
1533 678 1680 698 testamento
1703 675 1799 704 relicta,
1822 675 1881 707 quia
1902 678 1928 698 tu
1950 678 2042 704 tamen,

1104 717 1181 741 quum
1199 709 1280 741 ipsam
1298 709 1444 741 possideret,
1462 708 1644 732 ntrnutsteriunt
1662 709 1800 740 occupasti,
1822 709 1894 733 soti-o
1912 708 1966 732 iure
1981 716 2043 740 pro-

1101 743 1220 775 prietatis
1235 743 1425 767 (sotimbriensis
1442 742 1570 772 ecclesiae,
1588 743 1743 767 ntonasterio
1761 743 1859 767 restitui
1873 743 2043 773 decernentes,

1105 777 1230 810 reliquam
1250 786 1307 802 cero
1322 781 1422 810 partem
1441 777 1516 801 villae
1533 777 1619 810 ipsius,
1639 785 1714 810 quam
1729 777 1850 809 I'classius
1863 777 1890 801 F.
1906 777 1964 801 otim
1983 785 2042 801 con-

1105 812 1197 836 tulerat
1215 812 1369 836 monasterio
1383 813 1410 836 S.
1427 812 1524 841 Crucis,
1543 811 1717 835 adiudicantes
1734 811 1784 843 ipsi
1795 811 1949 836 monasterio
1964 811 2042 844 pleno

1106 845 1174 876 ἑυνα
1186 851 1328 878 praeterea,
1343 850 1393 870 tres
1403 846 1503 870 casales
1515 846 1541 869 in
1551 847 1648 869 Sancto
1660 845 1797 872 Ioannino.
1811 846 1884 870 salva
1897 845 2044 878 qttciestione

1104 880 1271 913 proprietatis
1295 881 1416 905 ecclesiae
1438 880 1635 910 Colimbrimzsis,
1661 880 1813 904 moriastcrio
1837 880 1936 904 restitui
1956 888 2044 904 censu-

1106 919 1179 939 erant
1202 915 1284 947 ipsum
1306 923 1322 939 a
1340 915 1460 947 petitione
1481 914 1643 938 duodecimae
1665 914 1806 938 modiorum
1828 913 1958 945 frumenti,
1980 922 2045 947 quos

1103 949 1239 981 petiveras,
1258 947 1435 982 absolventes]
1471 948 1599 973 Tandem
1617 956 1683 978 vero,
1701 956 1777 981 (ptum
1796 952 1821 972 tu
1838 952 1860 972 et
1880 956 1943 981 pars
1961 949 2044 972 altera

1103 987 1211 1016 propter
1227 984 1273 1007 hoc
1290 984 1325 1008 ad
1341 983 1422 1007 sedem
1436 983 1605 1015 apostolicam
1619 983 1755 1013 venissetis,
1773 987 1936 1015 procurator
1949 990 2044 1007 mona-

1107 1017 1183 1043 sterii
1200 1021 1306 1042 sanctae
1324 1017 1414 1042 Crucis
1432 1017 1587 1050 proposuit,
1605 1016 1772 1041 sententiam
1786 1016 1869 1041 non?5
1886 1017 1979 1042 valere
1992 1024 2044 1042 nec

1108 1056 1213 1077 tenere.
1254 1051 1361 1085 Quodsi
1378 1051 1446 1076 alias
1465 1051 1550 1076 etiam
1573 1050 1711 1076 sententia
1727 1055 1882 1076 memorata
1898 1051 2045 1082 teneret‘ffi,

1109 1086 1173 1119 quia
1186 1090 1280 1111 tamen
1297 1085 1497 1111 monasterium
1510 1085 1590 1110 fuit—'7
1609 1084 1796 1116 indefensum,
1812 1085 1877 1109 sicut
1890 1085 1940 1118 ipsi
1949 1085 2043 1109 indices

1107 1129 1154 1153 per
1165 1129 1227 1145 suas
1240 1120 1329 1145 literas
1342 1121 1557 1152 protestaruntffl,
1575 1127 1627 1144 nec
1640 1119 1763 1144 exhibita
1776 1119 1885 1144 fuerant
1898 1127 1991 1144 coram
2004 1119 2044 1145 eis

1108 1154 1255 1188 privilegia
1271 1154 1419 1186 libertatis,
1437 1162 1472 1179 ne
1486 1154 1646 1179 delictumss'ss
1659 1161 1797 1187 personae
1815 1153 1842 1178 in
1855 1153 1987 1178 damnum
2001 1161 2045 1179 ec-

1108 1189 1210 1215 clesiae
1223 1188 1403 1220 redundaret,
1421 1188 1545 1214 debebat
1562 1188 1598 1213 ad
1616 1188 1817 1213 exhibitionem
1835 1188 2045 1221 privilegiorum

1109 1231 1222 1249 suorum
1235 1223 1354 1254 admitti,
1367 1222 1444 1256 quod
1455 1223 1507 1248 sibi
1519 1222 1634 1248 concedi
1646 1222 1681 1247 de
1693 1222 1775 1247 solita
1785 1222 1957 1255 benignitate
1967 1222 2043 1248 sedis

1108 1257 1282 1291 apostolicae
1295 1257 1456 1291 postulavit.
1484 1258 1542 1282 Nos
1555 1257 1639 1290 igitur
1652 1256 1840 1288 attendentes,
1854 1256 1930 1289 quod
1944 1256 2045 1282 eadem

1108 1291 1253 1326 privilegia
1262 1300 1319 1316 non
1330 1291 1508 1316 solummodo
1519 1299 1568 1325 pro
1580 1291 1708 1316 libertate
1717 1291 1879 1316 monasterii
1893 1290 2043 1322 faciebant,

1109 1326 1159 1352 sed
1173 1326 1287 1351 etiam3⁰
1305 1326 1499 1359 exprimebant
1516 1326 1557 1350 ius
1571 1330 1697 1350 nostrum
1710 1329 1738 1351 et
1751 1325 1888 1351 ecclesiae
1901 1325 2046 1351 Romanae

1107 1360 1240 1386 iustitiam
1253 1360 1412 1392 tuebantur,
1429 1368 1464 1386 ne
1481 1360 1509 1385 in
1521 1368 1572 1385 nos
1585 1359 1746 1385 monasterii
1764 1360 1850 1385 laesio
1863 1359 2043 1391 redundaret,

1108 1395 1145 1420 ad
1163 1395 1309 1428 privilegia
1326 1394 1485 1420 exhibenda
1503 1398 1612 1428 partem
1630 1394 1690 1420 eius
1705 1394 1740 1420 de
1753 1394 1843 1427 gratia
1856 1393 1984 1419 duximus
1997 1393 2045 1419 ad-

1107 1429 1283 1455 mittendam.
1319 1431 1337 1460 †
1348 1429 1382 1454 Ut
1399 1433 1482 1454 autem
1496 1429 1600 1462 plenius
1612 1429 1642 1453 de
1656 1437 1779 1461 processu
1793 1429 1903 1453 iudicum
1913 1437 2047 1461 possemus

1106 1464 1245 1497 iutelligjere
1258 1464 1399 1488 veritatem:
1411 1468 1484 1496 qesta
1498 1464 1591 1494 omnia,
1604 1464 1669 1488 sicut
1682 1467 1740 1488 acta
1750 1462 1854 1494 fuerant
1864 1471 1953 1488 coram
1965 1463 2045 1494 nobis,

1106 1499 1232 1531 utrimque
1248 1498 1320 1523 nobis
1337 1499 1454 1522 iuss-inuis
1471 1498 1586 1523 erhiberi.
1633 1497 1784 1532 [proposuit
1802 1497 1878 1530 iyitur
1899 1497 2049 1522 monasterii

1104 1537 1269 1565 procurator,
1288 1533 1356 1566 quod
1370 1532 1518 1565 praedictus
1536 1532 1572 1557 Μ
1593 1532 1782 1557 Colimbricnsis
1798 1532 1938 1564 episcopus,
1956 1540 2046 1556 mona-

1105 1567 1182 1591 sterio
1195 1568 1310 1592 Sanctae
1324 1567 1414 1592 Crucis
1431 1576 1487 1591 cum
1502 1567 1639 1599 parochiis,
1655 1566 1821 1599 paroclu'anis
1833 1570 1855 1591 el
1869 1565 2046 1597 confratribus

1107 1602 1168 1633 suis,
1192 1601 1224 1626 ab
1246 1602 1317 1626 ontni
1336 1602 1477 1634 episcopali
1496 1602 1550 1625 iure
1567 1605 1589 1625 et
1610 1601 1741 1626 exactione
1758 1601 1863 1633 plenam
1886 1605 2047 1625 concesserat

1106 1636 1245 1661 libertatem
1264 1640 1286 1660 et
1305 1636 1490 1660 concessionem
1509 1644 1583 1660 suam.
1601 1636 1626 1660 in
1643 1636 1744 1668 scriptis
1758 1635 1898 1667 redeqerat,
1915 1639 1938 1660 et
1953 1635 2045 1659 Colim-

1108 1670 1244 1695 brieusiutn
1258 1671 1451 1701 maronie-orum,
1469 1671 1591 1704 quom'am
1609 1670 1633 1694 in
1647 1670 1693 1694 hoc
1706 1678 1838 1694 assensum
1852 1669 2046 1702 praestiterant,

1106 1705 1332 1738 subscriptionibus
1348 1705 1495 1730 roborarat.
1535 1705 1608 1734 Quod
1623 1705 1646 1728 si
1661 1704 1804 1728 huiusmodi
1815 1704 1944 1728 concessio
1958 1711 2006 1736 per
2019 1712 2046 1728 se

1106 1739 1199 1771 forsan
1211 1738 1301 1771 fuisset
1314 1739 1427 1764 invalida
1439 1748 1485 1772 per
1498 1739 1718 1773 confirmatimiem
1731 1743 1815 1763 tamen
1829 1737 1912 1769 felicis
1924 1738 2045 1762 recorda-

1107 1775 1181 1798 tionis
1198 1775 1229 1799 A.
1246 1782 1339 1807 papae,
1358 1774 1566 1807 praedecessoris
1583 1774 1672 1803 nostri,
1695 1773 1739 1806 qui
1753 1781 1808 1797 cam
1824 1781 1871 1805 per
1885 1772 2045 1806 prim'leyium

1106 1817 1179 1833 suum
1200 1817 1279 1841 usque
1300 1809 1363 1833 (uteo
1381 1817 1411 1833 ez·
1433 1812 1503 1833 certa
1525 1808 1631 1832 scicntia
1653 1808 1830 1841 confirmarat,
1843 1811 1871 1831 ut
1892 1816 1941 1831 non
1963 1807 2047 1831 solum

1107 1847 1218 1867 tenorem
1233 1843 1286 1867 eius
1303 1843 1462 1875 expresserit,
1476 1843 1520 1867 sed
1533 1850 1593 1867 usus
1605 1842 1683 1873 fuerit
1697 1842 1776 1866 uerbis
1789 1842 1850 1872 eius,
1864 1841 1943 1866 robur
1955 1841 2048 1865 sortita

1107 1877 1194 1909 fuerat
1205 1882 1344 1910 perpetuae
1355 1877 1493 1910 firmitatis,
1507 1886 1583 1910 rpatm
1597 1877 1753 1901 Coeles-tinus
1763 1884 1818 1901 eum
1831 1883 1908 1908 super
1920 1876 1965 1900 hoc
1977 1880 2046 1908 post-

1108 1912 1209 1936 modum
1223 1911 1300 1942 fuerit
1314 1912 1432 1940 imitatus,
1446 1916 1468 1936 et
1482 1911 1668 1936 concessionem
1683 1911 1763 1941 illam,
1777 1911 1841 1935 sicut
1854 1911 1896 1935 ille
1909 1910 2047 1943 confirma-

1106 1950 1186 1976 verat,
1201 1947 1370 1979 confirmavit.
1416 1946 1513 1976 Verum,
1529 1946 1563 1970 ad
1575 1946 1621 1969 hoc
1637 1944 1686 1976 suit
1701 1954 1731 1969 eje
1744 1949 1788 1969 tua
1799 1949 1874 1978 parte
1888 1952 2046 1977 responsum,

1107 1981 1176 2014 quod
1187 1981 1324 2013 praedicta
1340 1981 1468 2005 concessio
1481 1989 1533 2004 non
1551 1980 1657 2010 tenebat,
1676 1984 1725 2004 tum
1744 1979 1804 2012 quia
1821 1980 1902 2003 dictus
1915 1979 2048 2011 episcopus

1107 2024 1159 2039 non
1170 2019 1290 2048 potuerat
1303 2015 1435 2039 ecclesiam
1448 2023 1520 2039 suam
1540 2019 1591 2039 tam
1605 2014 1740 2038 enormiter
1754 2022 1810 2038 cum
1824 2012 1914 2046 effectu
1925 2022 2046 2045 =araz-are,

1108 2054 1160 2074 tum
1178 2049 1237 2082 quia
1255 2050 1438 2073 canonicorum
1455 2057 1574 2073 assensus
1590 2057 1636 2081 per
1653 2048 1759 2080 fraudes
1771 2048 1833 2079 eius,
1852 2048 1902 2081 qui,
1922 2052 1946 2072 ut
1960 2056 2001 2072 eos
2014 2048 2048 2072 ad

1108 2091 1259 2109 consensum
1272 2092 1345 2108 suum
1358 2083 1465 2115 facilius
1479 2083 1597 2113 traheret,
1611 2082 1740 2108 asserebat
1754 2083 1936 2107 monasterium
1949 2090 2048 2114 semper

1108 2118 1214 2143 liberum
1231 2118 1362 2148 exstitisse,
1385 2118 1518 2150 subreptus
1535 2117 1629 2149 fuerat,
1652 2121 1674 2142 et
1693 2125 1742 2149 per
1761 2117 1900 2150 potentiam
1924 2121 1975 2141 tam
1996 2117 2049 2141 eius

1108 2160 1184 2185 quam
1198 2152 1265 2185 reqis
1282 2157 1394 2176 extortus
1411 2160 1488 2185 quum
1499 2152 1633 2184 portarius
1647 2152 1713 2184 reyis
1726 2151 1940 2184 proscriptionem
1953 2159 2046 2181 rerum,

1108 2191 1130 2211 et
1147 2187 1262 2219 episcopi
1279 2195 1375 2219 praeco
1393 2187 1507 2211 exsilitnn
1525 2186 1657 2211 ‹uuzonicis
1674 2186 1823 2210 numu-etur.
1860 2186 1978 2218 Insuper,
1996 2194 2048 2209 non

1106 2222 1181 2254 plene
1195 2225 1298 2254 poterat
1317 2221 1347 2245 de
1364 2221 1534 2245 concessionis
1551 2221 1619 2245 illius
1636 2225 1722 2245 tenore
1739 2224 1865 2250 constare,
1883 2228 1929 2244 uec
1942 2223 1997 2243 erat
2010 2219 2050 2243 illi

1108 2256 1203 2288 scripto
1227 2256 1386 2286 credendum,
1409 2256 1476 2289 quod
1494 2263 1559 2288 pars
1581 2255 1730 2280 nronasterii
1751 2254 1940 2287 praesentabat,
1962 2262 2046 2286 qutun,

1109 2291 1179 2315 iuxta
1192 2290 1260 2323 quod
1276 2290 1445 2322 deposuerant
1458 2290 1561 2323 quidam
1579 2293 1660 2319 testes,
1677 2290 1774 2322 payina
1787 2288 1957 2313 concessionis
1969 2288 2047 2318 illius,

1108 2333 1185 2358 quam
1200 2324 1312 2349 Michacl
1328 2323 1434 2356 fecerat,
1453 2324 1479 2348 in
1492 2325 1588 2358 aliquot
1601 2324 1674 2348 lineis
1690 2323 1779 2355 fuisset
1798 2323 1903 2353 abrasa,
1921 2327 1943 2347 et
1956 2322 2051 2354 sinquli

1109 2358 1300 2390 canonicorum,
1322 2359 1366 2391 qui
1380 2359 1585 2391 subscripserant
1603 2367 1680 2383 manu
1701 2358 1810 2390 propria
1826 2356 2049 2389 sztbscr·1p81'.sserzt;

1111 2393 1136 2418 in
1149 2393 1244 2426 scripto
1258 2397 1340 2418 autem
1358 2394 1427 2426 quod
1443 2392 1530 2424 suerat
1548 2393 1620 2417 nobis
1633 2393 1773 2423 erhillitum,
1788 2392 1860 2416 nulla
1874 2399 1967 2416 rasura
1976 2390 2049 2423 peni-

1110 2432 1149 2452 tus
1162 2431 1308 2460 appareret,
1321 2431 1344 2452 et
1357 2428 1490 2452 universae
1502 2428 1701 2460 subscriptiones
1711 2427 1795 2451 eadem
1806 2430 1887 2450 essent
1899 2433 1974 2450 manu
1988 2433 2048 2449 con-

1109 2461 1228 2495 scriptae.
1267 2462 1324 2487 Nec
1336 2462 1442 2487 nocebat
1454 2462 1522 2495 quod
1537 2462 1684 2494 praedictus
1699 2461 1854 2491 Alexander,
1865 2459 2048 2492 praedecessor

1109 2501 1204 2528 noster,
1218 2497 1405 2521 concessionem
1415 2497 1559 2521 huiusmodi
1570 2497 1746 2529 confirmarat,
1761 2499 1786 2519 ut
1800 2502 1860 2518 usus
1873 2493 1957 2525 fiterat
1968 2493 2048 2518 verbis

1109 2531 1171 2563 eius,
1183 2531 1313 2564 quoniam,
1327 2531 1375 2555 etsi
1385 2531 1519 2555 verborum
1529 2530 1646 2555 conscius
1659 2529 1743 2562 fuerit.
1755 2533 1809 2553 erat
1822 2533 1905 2553 tamen
1918 2527 2049 2559 sactorum

1109 2565 1224 2597 &nar-us,
1252 2570 1336 2598 utpote
1357 2565 1400 2598 qui
1420 2574 1471 2590 uon
1493 2569 1597 2590 noverat
1614 2568 1738 2589 extortum
1761 2563 1841 2594 fuisse
1862 2562 2047 2587 canonicorum

1110 2608 1251 2631 assensum,
1273 2604 1296 2624 et
1319 2600 1507 2624 concessionem
1524 2599 1633 2624 eiusdem
1654 2599 1775 2631 payinam
1799 2597 1932 2621 variatam.
1980 2597 2049 2621 Cete-

1110 2642 1176 2666 rum,
1186 2642 1252 2667 pars
1265 2634 1349 2659 altera
1367 2634 1506 2667 replicavit,
1525 2633 1626 2666 quodsi
1641 2641 1687 2657 nec
1705 2631 1832 2656 concessio
1845 2630 1988 2655 huiusmodi
2002 2639 2049 2655 nec

1109 2668 1272 2701 confirmatio
1295 2669 1420 2700 tenuisset,
1440 2672 1542 2702 poterat
1563 2672 1648 2692 tamen
1666 2675 1714 2699 per
1736 2665 1869 2698 privilcqia
1890 2665 1920 2690 de
1944 2673 2005 2689 vera
2026 2669 2049 2690 et

1110 2707 1190 2728 vetere
1201 2703 1353 2728 monasterii
1363 2703 1478 2728 libertate
1490 2706 1617 2731 constare,
1635 2709 1713 2734 qurtm
1727 2700 1808 2725 bonae
1821 2700 1956 2724 memoriae
1969 2699 2049 2724 Inno-

1110 2737 1206 2762 centius
1220 2746 1293 2771 papa
1312 2738 1496 2770 praedecessor
1513 2740 1599 2761 noster
1617 2736 1680 2760 illud
1696 2735 1720 2759 in
1739 2734 1770 2759 B.
1784 2733 1858 2759 Petri
1869 2734 1972 2758 tutelam
1985 2741 2049 2766 pro-

1109 2771 1288 2806 tectionemque
1297 2772 1444 2804 susceperit,
1451 2776 1482 2801 et,
1488 2779 1565 2804 quum
1575 2770 1638 2795 illud
1646 2768 1762 2801 erpi-imit
1773 2768 1891 2792 censuale
1900 2767 2050 2800 subiunyat:

1111 2806 1146 2830 ad
1157 2806 1277 2831 iudicium
1294 2811 1379 2831 autem
1394 2810 1530 2838 perceptae
1545 2805 1617 2829 buius
1631 2812 1647 2828 a
1660 2803 1779 2828 Htunana
1792 2802 1899 2827 ecclesia
1916 2802 2049 2834 libertatis,

1111 2840 1175 2865 duos
1193 2841 1315 2866 bizantios
1332 2841 1408 2865 annis
1425 2839 1532 2872 sinyulis
1548 2838 1620 2863 nobis
1638 2837 1780 2870 nostris-que
1796 2835 1971 2861 succesoribus
1988 2844 2050 2869 per-

1111 2875 1201 2900 solvat.
1238 2875 1297 2900 Hoc
1322 2879 1406 2900 autem
1429 2873 1511 2906 felicis
1536 2871 1721 2897 recordationis
1745 2871 1850 2902 Lucius,
1874 2870 2006 2904 Euqenius
2027 2875 2052 2896 et

1113 2978 1222 2997 butinom
1237 2977 1294 3002 Fcaq
1303 2976 1365 3001 Ram:
1379 2977 1400 2995 tn
1411 2975 1454 2995 rell.
1466 2974 1527 2995 codd.
1537 2979 1610 2993 ηοηιωι
1621 2973 1743 2999 corruptum
1753 2973 1785 2993 est
1828 2973 1862 2997 22)
1872 2979 1947 2993 nomm
1956 2974 1979 2993 in
1989 2973 2050 2994 Codd.

1113 3004 1300 3051 Ξὲῗὲἔῖἶῗέἐέἑω
1310 3001 1541 3050 ρὲῗέιῖἶῖἒῦἳῗκὲζμω
1555 3000 1618 3049 “diti
1625 3000 1777 3050 22222‘322220025.
1831 2999 2052 3051 ²*¹)2³1¹)¹‘i}2‘3‡2{²2'1¹23231

1113 3055 1147 3081 28)
1157 3057 1319 3082 protestantur:
1333 3054 1384 3075 cabo
1440 3053 1474 3078 29)
1484 3053 1596 3073 debitum:
1606 3052 1631 3072 ct·
1683 3051 1717 3078 30)
1727 3054 1768 3075 eta
1783 3051 1851 3074 deest:
1864 3050 1940 3078 LNOyh'
1948 3050 1998 3079 Βερ-
2014 3067 2023 3077 ,
2041 3057 2045 3063 ·
