2243 3288
151 252 216 278 1243
428 250 642 276 ICXTRAX'AG.
663 249 834 275 COMMUN.
854 248 918 274 Llli.
938 249 956 274 1.
976 248 1045 274 TlT.
1064 248 1182 275 V-VII.
1202 248 1253 274 DE
1271 247 1413 274 OFFICIO
1432 247 1566 274 IUDICIS
1586 252 1639 275 etc.
1658 255 1681 274 c.
1704 256 1724 274 1.
1745 256 1768 274 2.
1981 245 2048 273 1244

152 330 281 356 Ceterum
295 327 431 359 religiosis
449 327 557 352 eisdem
573 326 768 359 permittimus,
783 325 868 359 quod,
882 325 927 351 ubi
945 325 1080 352 hactenus

152 365 245 398 plures
259 370 407 395 campanas
426 361 484 385 sinc
503 361 549 386 lite
564 366 590 386 et
605 360 825 385 contradictione
839 360 962 393 qualibet
975 360 1001 385 in
1016 368 1082 386 usus

152 398 282 423 duntaxat
308 395 434 428 proprios
457 394 613 425 habuerint,
635 400 662 420 et
687 402 759 419 nunc
783 394 896 426 habent,
921 394 973 419 illis
999 394 1082 420 etiam

152 432 282 463 deinceps
308 430 393 454 libere
419 429 456 454 uti
487 429 608 462 possint,
633 429 692 453 aliis
719 428 932 462 quibuscunque
960 436 1010 462 per
1034 436 1082 454 eos

153 465 250 490 habitis
270 464 338 488 intra
357 463 438 488 trium
456 463 594 488 mensium
609 463 730 496 spatium
748 463 782 488 de
796 462 852 488 suis
866 463 933 488 locis
947 470 995 488 seu
1010 470 1083 488 cam-

151 499 286 532 panilibus
317 497 506 530 deponendis,
532 502 559 523 et
589 497 746 522 nullatenus
775 497 875 522 iterum
904 497 1083 530 reponendis,

153 534 253 558 rerum
272 531 459 565 campanulas,
478 540 550 564 quae
569 531 594 556 iu
613 531 777 563 refectoriis,
796 531 937 562 sacristiis,
956 531 1083 564 capitulis

151 575 175 592 et
194 567 253 591 aliis
272 566 365 591 forsan
384 565 503 591 officinis
522 566 716 597 religiosorum
739 566 862 598 ipsorum
880 570 1083 591 consueverunt

151 601 255 628 haberi,
274 600 324 625 sub
343 601 395 625 ista
413 606 507 625 nostra
529 600 705 625 ordinatione
723 600 850 625 nolumus
873 599 1083 633 comprehendi.

150 634 220 660 Nulli
241 643 308 667 ergo
326 640 378 660 etc.
416 635 519 660 Datum
539 635 569 659 ll.
587 634 649 659 Kal.
667 635 736 660 Nor.
751 635 829 659 l'ont.
843 634 930 659 nostri
947 635 999 659 Ao.
1014 634 1082 659 VIII.

149 668 248 705 [1323]

461 765 685 794 TITULUS
717 765 766 792 VI,

371 824 426 849 DE
446 823 614 849 OFFICIO
633 822 860 848 DELL'GATI.

542 894 558 911 C
566 893 583 912 Α
590 893 614 911 Ρ.
631 893 650 911 t*
657 893 683 912 N.

149 929 236 947 Literae
243 928 385 952 apostolieae,
393 929 522 951 impetratae
529 928 555 945 ad
567 928 648 950 gratias
659 933 696 945 seu
707 927 733 945 :ut
745 927 795 945 lites
806 927 829 945 iu
839 926 950 950 aliquibus
957 927 1084 945 civitatibus

148 960 186 972 sou
197 954 343 974 «linet-esibus,
359 954 410 972 dum
426 956 486 972 eraut
506 954 611 975 niti-grae.
628 959 672 971 uun
684 953 785 971 obstante
795 953 914 974 divisione,
926 953 983 971 saeta
993 953 1020 971 tle
1032 953 1084 976 ipsis

150 981 171 998 iu
183 980 236 998 «luas
248 986 285 998 seu
297 980 369 1003 plures
381 980 481 997 civitates
493 985 530 997 seu
542 979 662 1001 ‹tinet-esus,
678 985 734 1001 quat·
749 979 829 996 divisio
841 979 898 996 saeta
913 980 1003 1002 propter
1013 978 1083 997 divini

150 1006 221 1023 vultus
232 1009 381 1028 augmentum,
392 1008 412 1023 et
423 1005 496 1029 populi
509 1006 678 1025 incrementum„
689 1007 710 1022 et
721 1005 787 1023 etiam
799 1007 941 1023 exsecutores
951 1010 988 1022 scu
1000 1004 1084 1022 indii-cs

149 1031 277 1054 earundem,
293 1031 389 1050 habeant
403 1032 442 1049 suli
453 1031 536 1049 eisdem
548 1031 612 1049 ino-10
623 1033 644 1049 (vt
656 1031 726 1048 rorum
742 1030 803 1048 illum
814 1030 913 1053 vigorem
924 1030 947 1048 iu
957 1030 989 1048 sic
1000 1029 1084 1054 divisis,

315 1063 379 1081 quein
391 1057 486 1076 habeant
498 1057 518 1075 in
530 1057 581 1079 illisv
592 1057 643 1075 tium
655 1057 753 1079 integrae
765 1056 917 1075 remanebant.

151 1113 294 1138 Ioannes
318 1112 376 1138 XII.
408 1112 598 1146 Episcopus
622 1120 739 1137 servus
763 1118 936 1136 servorum
960 1110 1021 1136 Dei
1045 1110 1085 1136 ad

373 1155 571 1184 perpetuam
591 1150 638 1176 rei
659 1150 860 1175 memoriam.

218 1197 306 1223 Sedes
320 1198 482 1231 apostolica,
496 1197 522 1223 in
537 1197 593 1223 suis
607 1197 715 1223 actibus
729 1202 781 1223 etc.
797 1196 842 1231 [cs.
856 1197 961 1222 Exn-av.
976 1197 1084 1223 loannis

150 1233 236 1260 XXll.
250 1233 287 1258 til.
301 1232 356 1265 IV„
371 1241 392 1258 c.
410 1231 443 1266 t.]

462 1329 684 1358 TITULUS
711 1328 774 1356 VH.

279 1388 334 1413 DE
353 1387 522 1414 OFFICIO
542 1386 701 1413 IUDICIS
721 1385 955 1412 ORDINARII.

558 1456 630 1476 CAP.
645 1455 676 1475 1.¹

150 1494 280 1516 Episcopus.
302 1493 461 1511 monasterium
480 1493 581 1511 visitans.
601 1497 647 1509 non
666 1492 755 1509 tenetur
769 1490 871 1513 arripere
885 1489 1007 1508 monam-lios
1026 1490 1085 1508 illius

151 1519 279 1537 muna-<terii
291 1525 330 1542 pro
340 1518 512 1539 tabellionibus:
528 1518 615 1536 etiamsi
630 1517 670 1535 bot·
683 1516 774 1535 haberet
785 1515 934 1534 consuetudo:
950 1521 990 1534 nec
1002 1516 1024 1534 in
1035 1518 1085 1534 actu

150 1545 285 1564 visitationis
304 1545 369 1563 debet
384 1550 432 1562 esst.—
447 1544 514 1564 sotus,
535 1543 573 1562 sed
589 1543 644 1561 duos
655 1542 689 1561 vel
704 1544 748 1561 tres
764 1542 857 1560 elericos
871 1547 921 1560 cuni
936 1541 1031 1565 notario,
1048 1542 1084 1566 qui

345 1570 447 1590 similiter
457 1571 485 1590 sit
495 1569 597 1593 clericus,
608 1574 682 1588 secum
693 1570 797 1587 assumat.
825 1568 853 1587 H.
864 1567 885 1586 d.

472 1623 670 1650 Bonisacius
689 1623 761 1648 VIII.

219 1668 333 1694 Debent
351 1667 541 1702 superioribus
560 1666 616 1692 suis
633 1665 819 1692 reverentiam
837 1664 950 1697 subditi,
965 1668 1002 1696 et,
1020 1664 1087 1690 (lum

151 1703 299 1729 salubriter
320 1703 355 1728 ab
379 1703 418 1728 eis
441 1710 490 1736 pro
514 1701 602 1735 culpis
621 1700 822 1726 correctionem
840 1699 916 1725 velut
934 1699 1087 1724 curantium

151 1738 356 1764 medicamenta
384 1736 534 1769 recipiunt,
564 1734 753 1762 obedientiam
783 1733 916 1759 exhibere
949 1737 1087 1759 tenentur.

152 1774 259 1798 Rursus
281 1776 392 1805 oportet
414 1770 592 1804 praepositos
615 1777 677 1795 cum
700 1769 816 1794 caritate
839 1767 987 1800 corrigere,
1005 1767 1088 1793 decet

152 1816 201 1833 eos
224 1805 325 1832 inferre
350 1805 491 1831 humiliter
513 1804 589 1838 quod
615 1803 727 1834 docent,
753 1807 780 1828 et
805 1807 921 1836 paterna
946 1802 1087 1827 subiectos

153 1841 303 1866 dilectione
321 1839 425 1866 fovere.
462 1839 507 1864 Sic
525 1839 636 1865 debitor
654 1837 789 1863 delicatus
808 1836 947 1869 effugitur,
965 1836 1004 1861 sic
1023 1844 1087 1862 one-

152 1884 232 1901 rosus
255 1874 377 1899 creditor
397 1873 511 1899 minime
534 1872 678 1906 reperitur.
715 1872 788 1896 Sane
810 1870 915 1895 dudum
936 1870 1087 1896 venerabili

152 1910 237 1935 fratre
250 1914 346 1934 nostro
359 1909 393 1933 Α.
405 1908 539 1941 episcopo
550 1906 739 1937 Dulniensi2·‚
752 1905 788 1930 ad
801 1904 969 1930 visitandum
983 1904 1087 1938 capitu-

154 1944 210 1969 lum
225 1951 292 1968 suae
305 1942 442 1968 ecclcsiae
456 1941 627 1973 Dulmensis,
641 1948 713 1974 quae
729 1939 863 1973 regularis
882 1938 986 1964 ordinis
1001 1939 1087 1964 sancti

153 1977 297 2004 Benedicti
321 1977 380 2002 sore
401 1976 534 2007 noscitur,
559 1975 759 2006 descendente,
784 1974 859 2007 prior
884 1977 911 1998 et
937 1973 1088 2006 capitulum

154 2012 242 2046 ipsius
255 2011 391 2037 ecclesiae
410 2010 590 2044 excipientes,
605 2009 681 2043 quod
701 2008 736 2034 de
754 2007 957 2033 consuetudine
971 2011 1030 2033 erat
1044 2015 1088 2033 ec-

154 2047 256 2072 clesiae
274 2046 391 2079 suprass·
409 2045 509 2076 dictae,
523 2053 539 2069 a
553 2049 688 2077 tempore,
702 2043 779 2068 cuius
796 2050 852 2067 non
869 2046 927 2068 erat
944 2041 1089 2074 memoria,

155 2082 319 2106 inconcusse
337 2084 455 2111 serrata,
475 2079 550 2112 quod
568 2077 692 2112 episcopi
711 2077 890 2107 Dulmenses‚
908 2076 955 2109 qui
979 2075 1089 2101 fuerunt

154 2124 205 2148 pro
223 2120 359 2148 tempore,
376 2122 427 2148 per
448 2122 478 2139 se
502 2113 577 2138 solos
599 2113 708 2145 absque
730 2111 790 2136 aliis
813 2110 950 2143 religiosis
971 2110 1023 2135 sibi
1041 2110 1088 2136 ad-

155 2149 263 2180 iunctis,
282 2149 325 2174 vel
347 2148 454 2174 clericis
476 2148 519 2173 vel
541 2147 635 2172 laicis4
656 2145 844 2172 saecularibus
867 2145 1090 2178 quibuscunque,

155 2183 306 2217 assumptis
325 2182 376 2208 sibi
395 2183 456 2207 loco
475 2182 573 2207 notarii
592 2181 729 2206 monacho
748 2188 796 2205 seu
815 2179 958 2204 monachis
976 2179 1089 2212 capituli

157 2217 313 2248 memorati,
323 2217 510 2242 visitationem
522 2224 598 2241 suam
612 2216 745 2240 hactenus
756 2213 882 2248 praefato
894 2213 1089 2246 impenderunt

156 2252 288 2286 capitulo:
300 2251 489 2284 supplicarunt
501 2250 591 2276 eidem
604 2250 783 2283 episcopo,ut
795 2252 963 2279 onmeS,tam
974 2247 1089 2273 clericos

156 2295 240 2321 quam
255 2286 349 2317 laicos,
361 2285 508 2317 religiosos
520 2289 547 2309 et
560 2284 728 2315 saeculares,
739 2287 889 2316 antequam
903 2281 1090 2308 visitationem

156 2320 300 2347 actualiter
313 2324 464 2350 exerceret,
477 2327 493 2344 a
511 2319 632 2352 capitulo
651 2318 825 2351 praeciperet
842 2316 975 2348 amoveri,
989 2316 1090 2349 quibus

156 2355 257 2381 amotis
274 2353 362 2388 parati
381 2359 459 2379 erant
478 2354 567 2386 ipsum
581 2352 729 2378 admittere
742 2351 777 2377 ad
791 2351 979 2376 visitationem
998 2351 1090 2376 huius-

155 2389 231 2415 modi
245 2387 444 2422 peragendam.
481 2388 515 2412 Et
529 2387 593 2420 quia
609 2387 699 2412 dictus
713 2386 863 2420 episcopus
877 2393 926 2410 eos
940 2393 1025 2418 super
1038 2385 1090 2410 hoc

157 2433 212 2449 non
223 2423 337 2453 audivit,
349 2430 508 2455 quanquam
522 2426 732 2455 protestaretur,
743 2429 773 2446 se
783 2419 854 2446 velle
865 2427 963 2445 omnes
973 2419 1090 2445 clericos

157 2466 223 2483 suos
234 2463 261 2483 et
271 2457 350 2488 alios,
361 2461 471 2490 praeter
483 2461 537 2481 tres
549 2455 592 2481 vel
606 2460 733 2488 quatuor,
745 2460 770 2480 ct
785 2454 922 2479 notarium
937 2462 1090 2485 removere,

156 2499 184 2518 et
198 2493 237 2517 sic
250 2500 329 2517 suam
342 2491 530 2516 visitationem
544 2490 665 2523 incipere
684 2494 710 2514 et
729 2489 882 2521 complere:
906 2488 982 2513 idem
999 2488 1091 2521 prior-'3

157 2532 184 2552 et
198 2526 349 2560 capitulum
362 2525 399 2550 ad
415 2524 512 2550 sedem
526 2524 709 2558 apostolicam
722 2523 904 2556 appellarunt.
942 2523 1089 2556 Proposito

156 2562 251 2594 itaque
270 2558 429 2585 huiusmodi
446 2559 559 2591 negotio
578 2566 671 2583 coram
689 2557 778 2589 nobis,
796 2561 823 2582 et
841 2556 942 2582 auditis
964 2561 993 2582 et
1010 2557 1089 2582 intel-

157 2595 245 2626 lectis,
257 2602 329 2627 quae
341 2598 436 2627 partes
449 2593 543 2619 dicere
554 2593 710 2623 voluerunt,
720 2600 770 2616 nos
782 2590 1001 2623 considerantes,
1012 2591 1089 2624 quod

157 2628 331 2655 consuetudo
353 2627 496 2661 praedicta
518 2632 614 2652 contra
636 2634 811 2652 communem
835 2625 982 2650 utilitatem
1004 2625 1089 2650 sacul-

156 2669 243 2689 tatem
267 2662 473 2696 probationum,
496 2670 568 2695 quae
590 2669 646 2686 non
667 2665 711 2686 est
732 2658 917 2693 angustanda,
938 2659 1089 2693 restringit,

158 2702 271 2732 propter
294 2696 370 2730 quod
393 2696 486 2727 etiarn,
504 2700 533 2721 ut
555 2695 632 2721 salva
653 2695 759 2720 scilicet
780 2693 816 2719 sit
837 2701 928 2718 rerum
950 2693 1089 2726 probatio,

160 2732 241 2766 quia&
262 2731 373 2765 publice
395 2730 520 2762 interest,
545 2738 580 2756 ne
600 2729 703 2755 veritas
725 2728 886 2758 occultetur,
911 2733 1022 2753 cautum
1047 2732 1090 2754 est

158 2767 226 2798 iure,
244 2771 274 2791 ut
295 2769 392 2790 curent
413 2765 592 2797 magistratus
612 2763 718 2795 testari,
735 2762 763 2788 id
781 2766 824 2788 est
841 2761 981 2787 testificari
995 2762 1089 2788 volen—

159 2801 242 2831 tibus,
260 2807 290 2825 se
309 2799 384 2833 ipsos
407 2804 434 2824 et
455 2798 524 2824 alios
547 2803 634 2824 testes
655 2798 700 2823 vel
722 2797 878 2830 signatores
900 2796 1045 2828 praebere,
1063 2801 1091 2822 et

160 2835 255 2859 statuit
272 2833 404 2867 generale
422 2833 577 2865 concilium,
591 2837 621 2858 ut
637 2841 654 2858 a
670 2831 808 2858 iudicibus
825 2829 1006 2856 adhibeatur?
1028 2838 1090 2864 per-

210 2955 261 2972 Tit.
276 2954 325 2973 vti.
345 2954 406 2977 Cap.
420 2954 437 2972 1.
457 2954 477 2976 1)
484 2952 709 2977 ,tc'Gfflm‘P—prima
720 2953 779 2971 urba
788 2951 896 2971 aromatis
905 2950 988 2969 astant
998 2950 1058 2969 elium
1065 2957 1072 2968 :
1082 2949 1095 2969 I

161 2985 179 2997 15=
192 2980 348 2998 honestamus:
363 2979 409 2999 AC‘i
419 2980 437 2998 cf
448 2981 477 2997 ηε
486 2979 579 3003 deinceps
633 2980 653 3002 3)
663 2984 739 3003 saepe:
754 2977 823 2997 AGON
872 2978 893 2999 4)
903 2977 938 2995 vel
949 2977 1011 2995 inim:
1025 2976 1091 2995 dcrsi:

162 3004 212 3022 tsrll
278 3006 298 3027 ᾗ)
309 3005 369 3023 mhi..-
383 3006 484 3028 quidem:
500 3005 532 3023 ,m
601 3004 620 3027 S)
631 3005 688 3028 quod
696 3011 702 3023 ι
716 3004 749 3023 Δί’
817 3005 836 3027 7)
847 3003 1005 3022 adhibeantur:
1020 3001 1094 3020 AGJIN

161 3036 179 3046 .-1
191 3032 238 3048 aut:
253 3030 281 3051 A,-
295 3033 327 3049 et:
343 3030 363 3048 H
395 3034 414 3053 υ)
426 3030 550 3054 praedictos
561 3031 681 3049 monachos
691 3032 736 3049 turn
748 3031 848 3053 propter:
862 3028 922 3047 Codd.
932 3027 977 3046 coll.
1014 3030 1046 3051 10)
1057 3028 1090 3046 in:

162 3054 227 3090 (ζμ-,Η
240 3055 292 3098 ΖΑΗ
321 3057 351 3079 tt)
363 3059 439 3074 contra
449 3061 483 3074 se:
497 3055 573 3074 ΛΟἩΜ
624 3056 656 3077 ΓΔ)
668 3056 710 3074 id.:
724 3055 791 3074 daal:
805 3053 896 3073 ACGHM
947 3055 979 3075 13)
989 3054 1050 3076 prior
1060 3055 1091 3072 et:

161 3082 226 3098 must:
258 3080 272 3098 C
292 3080 333 3098 §Is

392 3082 425 3103 Η)
435 3081 584 3100 decrevimus:
600 3080 634 3100 Cll
694 3081 798 3104 15)ada1.:
813 3080 911 3100 homini:
925 3079 950 3102 C,·
963 3079 1092 3098 hominum:

1118 334 1187 352 sona
1209 326 1330 359 publica,
1351 325 1411 351 vel⁸
1433 325 1488 350 duo
1510 324 1560 350 viri
1582 325 1685 357 idonei,
1708 325 1754 359 qui
1776 328 1838 351 acta
1862 323 2047 350 conscribant.

1119 361 1195 394 Quos
1209 360 1322 394 quidem
1335 359 1521 385 monachosss‘
1536 359 1571 385 ad
1589 359 1739 392 praedicta,
1753 363 1811 385 tum
1824 363 1938 393 propter
1951 366 2048 384 eorum

1118 395 1332 428 professionem,
1347 402 1418 427 quae
1437 393 1543 419 illorum
1561 401 1658 419 vocem
1677 393 1741 419 facit
1760 393 1908 425 funestam,
1925 397 1952 418 et
1973 393 2046 426 ipsos

1119 434 1194 454 arcet
1207 438 1223 454 a
1237 429 1343 454 iudiciis
1357 433 1383 454 et
1397 428 1516 461 publicis
1530 427 1588 453 sive
1601 427 1727 453 civilibus
1741 427 1858 460 actibus,
1872 435 1922 452 nec
1936 427 2047 460 patitur,

1118 468 1198 496 prout
1220 462 1379 488 constitutio
1402 462 1511 487 novella
1533 461 1664 493 declarat,
1689 461 1740 487 nisi
1766 461 1838 487 in10*
1862 461 2047 495 inquisitionis

1118 497 1276 523 haereticae
1294 497 1438 531 pravitatis
1456 504 1548 527 causa,
1567 496 1732 527 tabellionis,
1750 495 1836 529 (cuius
1853 496 1942 521 vicem
1956 495 1982 520 iu
1996 495 2048 521 hac

1119 536 1198 565 parte
1212 531 1267 557 duo
1281 532 1329 556 riri
1344 539 1393 564 per
1406 539 1488 564 supra
1500 530 1603 555 (lictum
1614 530 1758 555 concilium
1769 530 1914 562 obtinent,)
1926 529 2048 555 officium

1118 574 1256 598 exercere,
1270 571 1326 591 tum
1347 565 1411 598 quia
1429 565 1560 598 suspecti,
1575 572 1625 590 nec
1639 565 1762 589 contra¹¹
1780 564 1900 597 priorem
1914 569 1961 589 aut
1974 564 2047 598 capi-

1119 600 1215 631 tulum,
1234 600 1334 634 quibus
1353 600 1478 630 subsunt,
1497 607 1569 632 quae
1587 598 1752 631 corrigenda
1769 598 1963 630 invenirentur,
1981 598 2047 624 fide-

1118 634 1180 659 liter
1201 639 1228 660 et
1250 640 1325 660 recte
1348 634 1564 663 conscriberent,
1586 637 1695 658 constat
1716 640 1771 657 non
1793 640 1856 658 esse
1877 632 2048 658 idoneos¹²*.

1118 668 1305 694 Attendentes
1323 676 1445 702 quoque,
1461 667 1535 701 quod
1555 667 1582 692 id
1599 666 1751 700 episcopali
1770 674 1825 691 non
1842 666 1983 692 modicum
2001 667 2048 693 (le-

1119 702 1201 727 trahit
1215 702 1352 735 dignitati,
1363 703 1385 728 si
1399 703 1434 727 ab
1448 702 1591 736 episcopo,
1605 701 1651 735 qui
1666 701 1832 733 dignitatem
1844 701 1985 734 propriam
1998 709 2048 726 suo

1119 736 1230 769 ingenio
1252 745 1355 769 augere
1377 736 1471 768 debet,
1489 736 1605 762 comites
1626 735 1739 760 honoris
1762 735 1803 760 sui
1826 743 1909 760 causa
1931 734 2048 761 adhibiti

1118 771 1300 803 abducantur,
1312 779 1398 804 seque
1409 771 1498 796 solum
1513 771 1650 804 suspectis
1662 769 1832 803 quandoque
1842 768 1967 800 forsitan,
1979 777 2048 803 quos

1118 805 1220 837 visitat,
1234 805 1407 831 committere
1421 805 1612 838 compellatur,
1626 804 1728 829 dictam
1748 803 1987 834 consuetudinem,
2000 812 2050 837 per

1120 847 1202 872 quam
1217 839 1361 872 praelibati
1376 839 1449 873 prior
1463 840 1535 865 etffl*
1549 839 1699 872 capitulum
1713 838 1842 863 videntur
1854 837 1968 863 nimium
1982 837 2048 863 deli-

1120 873 1182 905 cati,
1201 878 1334 907 tanquam
1356 881 1410 898 non
1433 873 1626 899 rationabilem
1648 872 1840 906 reprobamus.
1877 872 1942 903 Sed,
1959 880 1993 897 ne
2015 871 2051 897 sit

1119 908 1268 941 episcopus
1287 916 1431 938 onerosuS,
1446 907 1657 939 (lecernimusffl,
1676 913 1834 932 nostrorum
1852 906 2050 940 praedecesso-

1120 950 1179 967 rum
1191 941 1315 975 vestigiis
1326 942 1510 974 inhaerentes,
1522 947 1560 973 ut,
1572 950 1656 975 quum
1667 941 1702 966 ad
1714 940 1900 967 visitationem
1912 940 1946 966 de
1957 945 2050 966 cetero

1120 976 1277 1002 faciendam
1296 977 1321 1001 in
1341 976 1458 1002 ecclesia
1476 981 1628 1002 memorata
1646 975 1832 1007 descenderit,
1846 975 1872 1000 in
1885 974 2050 1000 visitationis

1119 1016 1181 1036 actu
1196 1011 1265 1036 duas
1278 1010 1322 1036 vel
1336 1015 1392 1036 tres
1405 1011 1538 1036 honestas
1552 1019 1696 1044 personas,
1707 1010 1826 1035 clericali
1840 1009 1999 1035 charactere
2012 1009 2051 1034 in-

1120 1045 1245 1077 signitas,
1265 1053 1381 1078 quarum
1399 1053 1452 1070 una
1469 1044 1504 1070 ad
1527 1045 1616 1070 minus
1639 1044 1673 1070 sit
1695 1044 1826 1077 religiosa
1847 1043 1950 1069 ordinis
1968 1051 2053 1077 supra

1121 1079 1196 1111 dicti,
1218 1084 1245 1105 et
1270 1087 1355 1104 unum
1376 1079 1514 1104 notarium
1537 1079 1667 1104 clericum
1690 1087 1785 1104 secum
1809 1078 1921 1109 habeat,
1943 1081 1971 1103 et
1996 1085 2050 1103 non

1120 1114 1222 1148 plures,
1234 1113 1436 1139 consuetudine
1447 1113 1539 1146 aliqua
1550 1113 1664 1138 obtenta
1675 1118 1701 1138 et
1715 1112 1917 1146 compositione
1928 1111 2051 1145 qualibet

1120 1149 1191 1174 inter
1208 1153 1301 1181 partes
1320 1147 1394 1181 ipsas
1412 1156 1496 1181 super
1517 1147 1570 1172 hoc
1592 1147 1619 1172 in
1637 1148 1803 1172 contrarium
1822 1147 1895 1172 facta
1916 1146 2050 1171 hactenus

1120 1191 1175 1208 non
1189 1183 1330 1208 obstante.
1360 1182 1433 1207 Nulli
1448 1181 1559 1214 erg015*
1574 1181 1654 1207 liceat
1667 1182 1737 1206 hanc
1751 1181 1881 1215 paginam
1894 1186 2051 1206 nostrarum

1120 1216 1333 1250 reprobationis,
1351 1216 1554 1242 constitutionis
1573 1220 1624 1242 etc.
1662 1216 1795 1241 Datum¹ss
1811 1216 1920 1249 Anagn.
1937 1215 1971 1241 X.
1989 1214 2050 1241 Kal.

1120 1251 1239 1285 Augusti
1254 1252 1332 1276 Pont.
1345 1251 1433 1276 nostri
1445 1251 1498 1276 Ao.
1512 1251 1581 1276 VIII.
1596 1249 1695 1285 [1302.]

1522 1337 1594 1357 CAP.
1609 1336 1652 1356 Π.ι

1120 1372 1233 1392 Beneficia
1251 1373 1315 1396 plura
1338 1372 1515 1396 incompatibilia
1534 1372 1638 1390 obtinens
1657 1371 1705 1390 sino
1724 1370 1902 1395 dispensatione,
1927 1371 1992 1390 debet
2015 1371 2054 1390 itta

1120 1401 1207 1422 praeter
1225 1399 1327 1417 ultimum
1347 1399 1369 1416 in
1388 1404 1454 1417 mauu
1474 1398 1581 1416 ordinarii
1600 1398 1659 1416 intra
1677 1397 1732 1416 duos
1752 1402 1840 1416 menses
1857 1397 1980 1419 dimittere:
2000 1397 2055 1416 alias

1120 1430 1203 1448 poenas
1223 1425 1317 1443 incurrit
1335 1425 1371 1443 liic
1389 1425 1479 1447 positus.
1515 1424 1543 1442 Et
1562 1423 1628 1442 dohet
1647 1423 1772 1442 ordinarius
1791 1423 1846 1441 tales
1864 1422 1928 1446 plura
1946 1422 2055 1442 beneficia

1123 1451 1250 1469 obtinentes
1270 1450 1404 1474 compellere
1423 1449 1450 1468 ad
1470 1449 1631 1468 ostendendam
1655 1449 1852 1472 dispensationem.
1889 1448 1953 1471 Quod
1972 1448 1990 1467 si
2008 1454 2054 1468 nou

1121 1477 1209 1495 sset-erit:
1224 1476 1252 1494 ab
1267 1477 1367 1497 ingressu
1383 1476 1491 1494 ecclesiae
1506 1475 1654 1499 suspenditur.
1687 1475 1743 1494 Vide
1759 1480 1805 1498 cap.
1822 1474 1943 1493 Ordinarii-
1957 1474 2006 1493 eod.
2021 1475 2054 1495 tit,

1121 1502 1171 1521 libr.
1183 1503 1218 1522 t't.
1238 1502 1302 1525 Quod
1318 1502 1336 1520 si
1351 1501 1470 1525 diligenter
1484 1503 1579 1523 notetur,
1595 1501 1649 1519 haec.
1664 1502 1811 1525 extravagaus
1825 1500 1865 1520 sub
1885 1500 1926 1519 hoc
1941 1500 1975 1520 tit.
1994 1501 2054 1522 recte

1481 1527 1591 1546 collocata
1600 1527 1694 1546 dicetur.

1464 1587 1605 1613 Ioannes
1624 1586 1711 1612 XXII.

1190 1630 1237 1662 Ut,
1251 1638 1321 1663 quos
1335 1629 1442 1655 virtutis
1456 1638 1534 1655 amor
1543 1638 1560 1655 a
1570 1629 1636 1654 vitio
1650 1628 1809 1654 ambitionis
1824 1627 2012 1654 exsecrandae
2025 1631 2054 1654 et

1121 1664 1252 1690 avaritiae
1266 1664 1400 1690 caecitate
1418 1672 1474 1689 non
1492 1664 1616 1696 retrahit,
1630 1664 1729 1689 saltem
1746 1663 1820 1696 rigor
1833 1667 1960 1688 coerceat
1973 1662 2054 1688 disci-

1122 1699 1226 1733 pliuae:
1249 1698 1405 1730 statuimus,
1419 1703 1449 1724 ut
1466 1698 1635 1732 quicunque,
1653 1699 1746 1732 plures
1764 1697 1914 1730 dignitates
1932 1697 1977 1722 vel
1993 1705 2055 1731 per-

1122 1738 1247 1765 sonatus,
1265 1738 1311 1758 aut
1329 1733 1503 1766 parochiales
1522 1732 1665 1764 ecclesias,
1681 1736 1729 1757 aut
1747 1731 1912 1765 dignitatem
1928 1731 1973 1757 vel
1994 1739 2056 1765 per-

1123 1772 1250 1793 sonatum
1265 1775 1328 1793 cum
1341 1767 1394 1792 alio
1413 1767 1548 1792 beneficio
1563 1775 1656 1792 curam
1671 1767 1825 1792 animarum
1838 1766 1960 1792 habente
1973 1765 2056 1791 simul

1123 1802 1182 1827 sine
1197 1801 1405 1835 dispensatione
1419 1801 1550 1826 canonica
1564 1801 1701 1832 detinens,
1715 1801 1761 1826 illa
1779 1800 1872 1825 omnia
1888 1804 1917 1825 et
1936 1799 2055 1833 singula,

1124 1836 1180 1869 (illo
1199 1836 1332 1861 duntaxat
1350 1840 1477 1868 excepto,
1491 1835 1566 1868 quod
1584 1835 1680 1860 ultimo
1699 1834 1846 1868 receperit,
1863 1834 1939 1868 quod
1956 1834 2055 1867 possit,

1124 1870 1146 1895 si
1161 1875 1255 1896 tamen
1268 1870 1294 1895 in
1308 1878 1341 1895 eo
1360 1877 1393 1895 ex
1411 1869 1559 1895 collatione
1578 1869 1710 1894 canonica
1727 1869 1769 1894 ius
1783 1868 1835 1894 sibi
1850 1872 2000 1902 competat,
2013 1877 2055 1894 re-

1124 1904 1231 1936 tinere‚>
1243 1904 1331 1929 intra!
1345 1903 1415 1929 duos
1426 1912 1546 1935 menses,
1557 1912 1573 1929 a
1584 1903 1629 1929 die
1642 1903 1757 1929 notitiae
1770 1902 1930 1928 huiusmodi
1943 1907 2056 1929 nostrae

1124 1938 1328 1964 constitutionis
1339 1938 1469 1963 continue
1479 1937 1677 1969 numerandos,
1685 1937 1836 1963 efficaciter
1845 1937 1931 1962 verbo
1943 1941 1971 1963 et
1982 1936 2056 1962 facto

1124 1973 1231 2006 absque
1245 1972 1342 1998 fraude
1355 1973 1449 2006 aliqua
1462 1972 1489 1997 in
1502 1972 1602 1997 manu³
1620 1972 1751 1997 ordinarii
1767 1971 1906 1997 dimittere
1920 1975 2056 2003 teneatur,

1125 2015 1175 2041 per
1188 2015 1251 2032 cum
1264 2007 1309 2032 vel
1322 2015 1372 2040 per
1385 2014 1443 2038 005,
1456 2006 1492 2031 acl
1506 2015 1591 2040 quem
1603 2007 1647 2032 vel
1661 2007 1696 2032 ad
1714 2014 1785 2039 quos
1798 2014 1894 2031 eorum
1908 2005 2055 2039 dispositio

1124 2041 1288 2075 spectabit‘l,
1303 2049 1336 2067 ea
1348 2041 1408 2066 vice
1426 2041 1512 2067 libere
1526 2041 1711 2074 disponenda.
1747 2040 1829 2073 Quod
1843 2040 1865 2066 si
1882 2048 1937 2065 non
1950 2039 2057 2072 fecerit,

1124 2075 1209 2102 etiam
1234 2075 1280 2101 illo
1305 2075 1340 2100 sit
1364 2075 1425 2108 ipso
1451 2075 1509 2101 iure
1535 2075 1668 2109 privatus,
1686 2075 1712 2100 in
1735 2083 1790 2108 quo
1812 2074 1855 2100 ius
1876 2074 2058 2108 competebat

1125 2110 1226 2142 eidem,
1238 2115 1265 2135 et
1279 2109 1407 2135 inhabilis
1418 2109 1453 2134 ad
1468 2117 1653 2143 quaecunque
1666 2109 1803 2135 beneficia
1813 2108 1966 2134 obtinenda
1979 2109 2056 2142 peni-

1125 2149 1168 2170 tus
1182 2148 1336 2170 censeatur.
1374 2144 1426 2177 Qui
1440 2152 1505 2169 vero
1520 2144 1652 2177 deinceps
1671 2143 1808 2177 receperit
1826 2143 2000 2176 dignitatern,
2012 2142 2058 2168 vel

1125 2183 1314 2212 personatum,
1333 2182 1381 2204 aut
1402 2178 1569 2204 beneficium
1591 2186 1684 2203 curam
1704 2178 1812 2203 habens
1834 2177 1988 2203 animarum
2010 2185 2058 2202 an-

1125 2221 1233 2245 nexam,
1251 2213 1273 2238 si
1291 2213 1367 2246 prius
1384 2213 1474 2238 simile
1492 2212 1659 2238 beneficium
1677 2212 1831 2244 obtinebat,
1849 2211 1977 2245 primum,
1991 2219 2057 2245 quo,

1125 2252 1275 2281 postquam
1301 2247 1415 2273 secundi
1444 2247 1653 2280 possessionem
1678 2246 1815 2278 habuerit,
1840 2246 1884 2272 vel
1909 2254 1960 2279 per
1983 2254 2057 2278 eum,

1127 2282 1211 2314 (omni
1234 2281 1299 2307 dolo
1322 2286 1349 2307 et
1367 2281 1464 2306 fraude
1481 2280 1676 2313 cessantibus,)
1691 2289 1746 2314 quo
1765 2281 1854 2306 minus
1874 2280 1986 2312 habeat,
2003 2284 2057 2306 ste—

1126 2317 1198 2348 terit,
1212 2316 1335 2350 privatus
1348 2315 1472 2341 noscitur
1484 2315 1545 2349 ipso
1559 2315 1627 2347 iure,
1637 2315 1745 2348 absque
1758 2322 1855 2340 morae
1868 2314 2016 2348 dispendio
2030 2314 2058 2340 in

1125 2351 1227 2376 manu-⁷*
1251 2350 1381 2375 ordinarii
1404 2349 1516 2375 omnino
1541 2349 1666 2375 similiter
1688 2349 1828 2375 dimittere
1849 2352 1986 2381 teneatur,
2007 2356 2058 2382 per

1126 2393 1189 2410 eum
1203 2385 1245 2410 vel
1260 2392 1318 2416 eos,
1329 2384 1364 2410 ad
1379 2392 1462 2417 quem
1473 2392 1522 2409 seu
1534 2392 1605 2418 quos
1616 2384 1726 2409 collatio
1737 2392 1786 2409 seu
1797 2383 1934 2408 ordinatio
1948 2387 2057 2417 specta-

1125 2419 1204 2451 verit,
1218 2418 1434 2453 disponendum.
1471 2419 1552 2451 Quod
1570 2418 1622 2444 nisi
1640 2418 1749 2444 fecerit:
1773 2421 1872 2443 extunc
1885 2416 2009 2443 secundo
2022 2417 2058 2443 sit

1126 2453 1186 2487 ipso
1205 2454 1262 2479 iure
1285 2453 1417 2487 privatus,
1440 2453 1485 2478 et¹³
1507 2452 1635 2478 inhabilis
1654 2452 1689 2478 ad
1707 2460 1802 2478 sacros
1820 2451 1950 2477 ordines⁷
1972 2455 2001 2477 et
2021 2451 2058 2477 ad

1126 2488 1315 2521 quodcunque
1332 2487 1532 2512 beneficium*
1555 2486 1774 2513 ecclesiasticum
1791 2485 1983 2512 obtinendum.
2019 2486 2058 2512 Ut

1125 2527 1218 2548 autem
1233 2521 1450 2556 praemissorum
1462 2521 1567 2546 fructus
1581 2520 1705 2546 t'acilius‘³
1716 2521 1914 2554 subsequatur:
1929 2520 2057 2546 omnibus

1126 2560 1152 2582 et
1171 2556 1285 2589 singulis
1304 2555 1449 2581 ordinariis
1467 2555 1494 2580 in
1511 2555 1613 2581 virtute
1632 2559 1744 2581 sanctae
1762 2554 1939 2581 obedientiae
1957 2558 1986 2580 et
2004 2554 2056 2580 sub

1125 2599 1217 2624 poena
1233 2589 1424 2623 suspensionis
1441 2590 1476 2615 ab
1495 2590 1624 2622 ingressu
1641 2589 1786 2621 ecclesiae,
1804 2597 1889 2622 quam
1906 2597 1965 2621 eos,
1984 2588 2016 2622 (si
2029 2588 2057 2614 in

1125 2625 1312 2658 exsequendis
1331 2624 1567 2657 subsequentibus
1585 2624 1762 2657 negligentes
1780 2623 1903 2656 suerint)
1916 2622 2057 2648 incurrere

1125 2659 1252 2684 volumus
1267 2659 1328 2693 ipso
1342 2658 1425 2690 facto,
1437 2658 1561 2684 districte
1575 2658 1761 2692 praecipimus
1772 2661 1801 2683 et
1813 2657 1989 2690 mandamus,
1999 2656 2057 2682 ut1⁰

1125 2693 1176 2718 sub
1195 2698 1270 2719 certa
1287 2697 1315 2719 et
1337 2692 1504 2718 formidabili
1522 2700 1623 2726 poena,
1643 2700 1739 2718 eorum
1761 2691 1874 2718 arbitrio
1897 2690 2056 2724 infligenda,

1125 2727 1244 2753 subditis
1263 2727 1320 2753 suis
1338 2727 1430 2760 plures
1449 2726 1599 2759 dignitates
1617 2731 1644 2752 et
1666 2730 1833 2760 personatus
1850 2729 1898 2751 aut
1915 2724 2056 2756 ecclesias,

1126 2762 1227 2795 quibus
1241 2770 1305 2787 cura
1319 2761 1443 2786 imminet
1456 2761 1619 2793 animarum,
1633 2765 1680 2786 aut
1691 2760 1855 2794 dignitatem
1868 2759 1913 2786 vel
1925 2766 2055 2793 persona-

1126 2801 1183 2822 tum
1194 2793 1257 2821 curri
1267 2795 1321 2821 alio
1335 2795 1480 2827 beneficio,
1491 2795 1533 2821 cui
1545 2803 1610 2821 cura
1619 2795 1715 2820 similis
1727 2795 1762 2820 sit
1770 2795 1792 2812 1¹
1804 2801 1919 2826 annexa,
1930 2792 2055 2830 obtinen-

1125 2831 1198 2856 tibus
1220 2830 1364 2863 iniungere
1386 2829 1518 2863 debeant,
1538 2829 1614 2864 quod
1635 2828 1870 2864 dispensationes,
1891 2830 2055 2853 auctoritate

1129 2951 1157 2973 Il':
1172 2951 1264 2970 omnino
1274 2950 1370 2970 homini:
1387 2949 1434 2972 (1]Ι;
1448 2951 1550 2969 omnino:
1566 2949 1589 2969 M
1637 2949 1672 2972 16)
1682 2950 1732 2968 Dat.
1744 2949 1796 2968 ete.:
1811 2946 1878 2966 deest:
1890 2945 1923 2965 Ac

1179 2978 1240 3001 Cap.
1255 2977 1282 2995 11.
1311 2976 1330 3000 1)
1341 2975 1359 2994 F
1367 2976 1421 3000 (post
1431 2976 1550 2995 Clementini.
1560 2978 1578 2995 ξι.
1590 2975 1618 3000 (5,
1628 2975 1656 2997 8.)
1666 2974 1688 2993 M
1730 2974 1750 2997 2)
1761 2973 1828 2993 intra:
1843 2971 1866 2991 M
1905 2970 1927 2994 3)
1937 2976 2026 2990 manus:
2040 2971 2059 2991 F

1560 3003 1580 3025 ti)
1591 3007 1628 3020 ac:
1643 3000 1676 3022 M,·
1689 3005 1716 3019 ac
1726 2998 1882 3018 nihilomiuus:
1896 2996 1915 3015 F
1965 2998 1984 3020 7)
1995 2997 2056 3016 aad„

1126 3003 1147 3023 4>
1158 3003 1265 3026 pertinet:
1280 3001 1298 3020 F
1347 3002 1367 3025 ξι)
1378 3007 1467 3020 manus:
1481 3002 1507 3021 ib.

1707 3025 1727 3049 9)
1737 3025 1779 3044 sae.
1788 3023 1896 3042 habeatur
1904 3022 1939 3042 vel
1953 3023 2025 3042 subs.:
2039 3023 2058 3042 F

1127 3028 1291 3052 ›liiseipientlosz
1306 3027 1324 3046 F
1398 3027 1419 3050 ὅ)
1430 3027 1492 3046 mlzL:
1506 3027 1578 3047 aliud:
1592 3026 1633 3045 FJI

1128 3055 1159 3077 10)
1171 3057 1204 3073 ut:
1218 3054 1286 3073 deest:
1300 3052 1327 3076 F?
1341 3054 1460 3077 quatenus:
1475 3052 1497 3071 M
1546 3052 1579 3076 11)
1590 3054 1632 3071 est:
1647 3050 1688 3070 ΡΜ
