2243 3288
171 295 236 321 1101:

173 373 179 397 i
192 381 241 399 isc.
260 378 323 397 aute
338 371 590 405 deprehensionem
604 381 654 406 pro
668 372 738 398 laico
755 372 867 407 publice
885 381 915 399 se
929 381 984 398 non
998 381 1108 406 gerens,

174 406 365 439 tepreliensus
383 406 450 431 fuit3‘
467 407 494 431 in
513 407 609 432 liabitu
628 407 757 437 clericali,
775 412 918 432 tonsuram
935 407 1064 434 videlicet
1081 413 1109 434 et

174 447 266 465 testes
285 440 414 465 deferens
433 441 585 466 clericales.
622 442 693 466 Nam
713 441 797 467 talem
816 441 952 467 debemus
970 442 1110 474 clericum,

174 474 263 499 donec
281 480 390 500 constet
409 475 444 500 de
462 475 610 507 contrario,
633 481 774 509 reputare3
797 476 867 501 sicut
885 476 921 502 de
938 475 994 507 illo,
1017 476 1063 510 qui
1082 477 1109 501 in

174 508 354 540 possessione
368 508 547 541 ingenuitatis
562 510 680 539 exsistit,
694 510 715 535 si
727 510 835 535 dicatur
843 510 879 535 ab
890 510 944 535 alio
956 510 1110 543 libertinus,

171 542 268 573 legalis
287 543 375 568 sanxit
393 544 554 575 auctoritas,
573 549 602 569 ut
621 544 758 578 probandi
777 544 946 570 necessitate
964 552 1019 569 non
1037 545 1109 578 ipse,

173 576 222 601 sed
236 576 412 603 adversarius
425 577 623 611 adstringatur.
660 579 763 604 Iustum
778 583 819 604 est
833 578 915 610 enim,
929 583 958 604 ut
972 579 1032 612 ipse
1045 579 1109 604 talis

172 618 256 643 quem
270 616 361 643 gestat
375 620 408 637 ex
422 612 528 644 habitu,
543 621 690 646 quousque
704 617 837 646 appareat
851 612 935 645 aliud,
949 621 1109 646 praesuma-

170 650 222 675 tur,
242 645 331 678 qualis
350 646 389 671 ἰεῦ
406 654 478 678 esse,
501 646 577 672 cuius
596 647 648 672 fert
666 647 800 678 habitum,
823 647 1030 680 comprobatur.
1067 648 1108 672 Ex

172 679 303 711 stigmate
321 688 452 713 namque,
471 687 604 706 consueto
624 681 827 707 fabricensibus
846 682 976 715 imprimi,
998 681 1108 707 latitans

171 712 333 739 t'abricensis
355 715 524 747 agnoscitur,
547 720 574 741 et
597 715 728 741 custodes
751 724 896 749 aquarum,
918 724 988 749 quos
1007 715 1108 748 hydro-

171 747 302 780 phylacas
318 749 470 781 nominant,
485 758 557 782 quae
571 750 611 775 eis
623 750 697 782 infigi
714 750 785 776 solet
801 750 983 776 adnotatione
998 750 1108 783 signati,

171 782 310 807 manifesti
325 788 387 808 sunt
402 783 540 816 omnibus,
554 789 580 810 et
595 785 771 817 angariarum
781 784 893 810 nomine
903 792 958 809 non
970 789 1109 810 tenentur.

171 816 252 849 Isque
266 822 354 842 status
368 818 484 843 alicuius
496 826 559 844 esse
570 818 687 850 videtur,
702 819 728 843 in
740 827 796 852 qiio
808 819 868 852 ipse
880 818 1108 852 deprehenditur,

171 849 262 876 donee
275 852 443 877 contrarium
457 852 600 878 doceatur.
635 853 698 877 Non
711 853 751 878 sic
764 857 857 878 autem
870 853 998 878 volumus
1012 853 1108 878 obser-

169 885 235 916 vari,
253 885 274 910 si
293 890 358 912 ante
375 886 628 920 deprehensionem
647 896 696 920 pro
714 887 784 912 laico
802 887 913 920 publice
931 895 961 913 se
979 887 1106 920 gerebat,

168 918 216 943 ac⁷
228 928 278 952 pro
289 920 334 945 tali
346 921 531 946 communiter
541 921 725 951 habebatur-N
737 921 863 955 quamvis
876 921 1108 955 deprehensionis

169 958 297 986 tempore
322 960 449 988 repertus
476 955 557 980 fuerit
583 956 608 980 in
634 956 730 981 habitu
756 956 884 981 clericali.
932 956 1011 981 Tunc
1033 956 1107 981 enim

168 988 358 1014 restituendus
383 997 438 1014 non
463 995 520 1020 est,
547 998 695 1023 quousque
726 990 810 1015 fidem
841 990 876 1015 de
902 990 981 1015 titulo
1011 989 1108 1016 fecerit

168 1021 297 1054 clericali,
323 1023 400 1048 cuius
423 1023 516 1049 eidem
538 1024 711 1057 probationis
734 1033 804 1049 onus
826 1024 969 1050 incumbat
993 1029 1108 1062 propter

170 1057 437 1090 praesumptionem,
452 1066 524 1091 quae
538 1058 673 1084 adversus
687 1059 778 1092 ipsum
792 1063 852 1084 orta
867 1064 908 1084 est
922 1067 955 1084 ex
966 1058 1108 1084 delatione

169 1090 273 1116 laicalis
287 1091 399 1117 habitus
413 1092 609 1126 procedenti&
623 1098 719 1118 contra
734 1101 797 1118 eum
812 1098 905 1118 tamen
918 1092 1030 1119 interim
1049 1093 1107 1126 qui-

168 1125 209 1149 ris
225 1133 376 1158 processus
390 1126 489 1152 iudicis
503 1127 616 1161 penitus
629 1127 820 1161 conquiescat.

560 1197 634 1216 ΕΑΓ.
650 1197 710 1216 xm.

167 1229 217 1248 Non
231 1231 292 1248 tenet
307 1231 422 1255 suspensio
437 1231 471 1249 vei
487 1231 640 1253 interdictum,
652 1231 698 1250 lata
713 1231 735 1250 in
751 1231 910 1255 participantes
924 1236 970 1250 non
985 1231 1107 1255 praeniissa

383 1257 508 1276 mouit-ioue
519 1258 635 1276 canoniea.
663 1258 691 1276 11.
704 1257 724 1276 d.
736 1258 813 1276 Ioaun.
824 1257 894 1276 Andr.

584 1303 684 1329 Idem.

237 1345 376 1370 Statutum
395 1346 523 1379 Gregorii
542 1347 634 1380 Papae
655 1347 690 1372 X.
709 1346 812 1372 factum
834 1345 871 1372 ad
888 1345 1106 1372 declarationem

169 1379 372 1405 constitutionis
398 1381 622 1413 Innocentianae,
648 1389 720 1414 quae
743 1381 883 1414 prohibet,
908 1380 1107 1414 participantes

169 1415 414 1440 excommunicatis
437 1423 470 1440 ea
494 1415 718 1449 participatione,
744 1424 816 1448 quae
838 1415 944 1440 soluin¹
970 1415 1107 1440 minorem

168 1447 280 1480 inducit,
294 1449 399 1474 maiore
413 1450 700 1475 excommunicatione
714 1450 793 1483 ligari
806 1449 959 1475 monitione
973 1449 1107 1474 canonica

167 1490 222 1507 non
236 1483 400 1516 praemissa,
419 1483 445 1508 in
459 1484 651 1517 suspensionis
665 1489 693 1509 et
707 1484 846 1510 interdicti
860 1484 1016 1515 sententiis,
1035 1492 1106 1517 quae

166 1525 216 1549 pro
239 1517 397 1542 huiusmodi
421 1518 634 1551 participatione
657 1518 821 1552 plerumque
839 1518 874 1543 ab
893 1518 1040 1543 ordinariis
1063 1518 1107 1543 vel

166 1550 303 1584 delegatis
318 1552 455 1577 iudicibus
469 1553 690 1586 promulgantur,
704 1553 891 1586 praecipimus
910 1552 1106 1578 inviolabiliter

166 1585 318 1618 observari,
331 1586 524 1619 decernentes,
538 1587 655 1613 easdem
671 1587 825 1614 sententias
843 1595 899 1612 non
917 1591 1013 1613 tenere
1026 1586 1107 1612 aliter

167 1620 368 1654 promulgatas.

562 1674 636 1693 CAP.
651 1674 711 1694 Xiv.
738 1672 741 1674 ’

166 1706 208 1725 I'er
219 1707 378 1730 negligentiam
394 1713 439 1727 non
455 1709 610 1732 prosequentis
625 1709 701 1728 debito
715 1710 816 1732 tempore
831 1708 1004 1732 appellationem
1018 1713 1106 1727 excom-

167 1733 290 1752 municatio
305 1737 354 1757 post
367 1739 416 1753 eam
431 1734 477 1753 lata
491 1740 536 1753 non
551 1734 701 1757 convalescit;
721 1735 759 1753 sed
773 1735 855 1758 poterit
868 1737 920 1753 tune
935 1734 1074 1757 denunciari,
1086 1736 1107 1753 et

167 1758 257 1777 debebit
268 1760 342 1784 vitari,
359 1760 430 1779 donee
445 1760 472 1779 de
486 1761 612 1780 sententiae
627 1761 730 1779 nullitate
741 1761 848 1779 docuerit.
877 1761 904 1779 H.
916 1760 936 1779 d.
947 1760 1026 1779 Ioann.
1037 1760 1106 1779 Andr.

586 1807 683 1833 Idem.

234 1848 311 1874 Licet
324 1849 618 1875 excommunicationis
637 1849 785 1881 sententia,
803 1853 868 1883 post
886 1849 1106 1882 appellationem

165 1881 319 1915 legitimam
333 1884 521 1916 promulgata,
538 1892 589 1917 per
602 1883 801 1917 negligentiam
815 1883 992 1917 appellantis,
1010 1883 1104 1917 appel—

165 1916 298 1942 lationem
323 1925 403 1943 suam
427 1918 541 1943 minime
566 1918 774 1951 prosequentis,
798 1926 854 1943 non
879 1917 1030 1943 ratificetur
1054 1926 1105 1943 nec

167 1951 251 1976 etiam
268 1952 458 1977 coni-alescat:
480 1952 737 1978 excommunicatus
755 1957 849 1978 tamen
867 1952 1039 1983 nominatim,
1060 1952 1105 1977 vel

167 1985 340 2018 specialiterl
363 1991 391 2011 et
404 1994 547 2024 expresse,
565 1987 612 2020 qui
630 1992 693 2020 post
711 1986 929 2020 appellationem
951 1986 1105 2019 legitimam

166 2020 460 2046 excommunicationis
471 2022 637 2046 sententiam
648 2022 748 2046 asserit
762 2021 788 2046 in
800 2029 830 2046 se
840 2021 934 2052 latam,
946 2021 967 2045 si
980 2021 1105 2054 appella-

167 2054 271 2080 tionem
291 2054 410 2080 eandem
428 2055 498 2080 infra
520 2060 640 2089 tempus,
663 2055 700 2080 ad
718 2055 807 2089 ipsam
825 2055 1052 2088 prosequendam
1069 2055 1104 2080 ab

165 2088 277 2114 homine
288 2089 331 2114 vel
341 2098 358 2114 a
368 2089 426 2115 iure
437 2094 580 2121 statutum,
594 2098 649 2114 non
661 2089 753 2121 fuerit,
767 2094 795 2114 iit
810 2089 916 2120 debuit,
931 2094 1105 2122 prosecutus,

165 2122 244 2156 lapso
263 2123 365 2149 eodem
389 2125 534 2157 tempore²
551 2124 824 2150 excommunicatusss
842 2123 953 2157 publice
971 2123 1104 2155 nunciari,

165 2162 192 2182 et
217 2157 320 2183 nedum
346 2158 372 2183 in
397 2158 588 2189 iudicialibus,
614 2158 665 2184 sed
689 2158 773 2184 etiam
799 2158 825 2183 in
851 2157 1104 2184 extraiudicialibus

165 2191 272 2224 evitari,
290 2192 338 2217 ac4
352 2201 368 2217 a
381 2192 512 2225 legitimis
525 2193 633 2218 actibus
648 2192 783 2218 removeri
802 2192 927 2224 debebit,
946 2200 1104 2226 quousque,

166 2226 241 2259 quod
255 2232 319 2259 post
332 2227 551 2265 appellationem
562 2227 714 2260 legitimam
726 2227 983 2253 excommunicatus
997 2226 1104 2260 fuerit-⁷³,

165 2260 209 2286 vel
222 2260 290 2286 alias
304 2260 339 2286 de
352 2261 439 2295 ipsius
453 2261 609 2288 sententiae
623 2262 749 2288 docuerit
763 2261 896 2287 nullitate.

568 2332 584 2350 C
591 2331 641 2350 ΑΡ.
656 2331 703 2351 XV.

164 2364 286 2387 Praelatns,
298 2365 346 2388 rapi
357 2365 441 2384 faciens
451 2367 473 2383 et
487 2365 612 2387 includensv
624 2366 691 2384 etiam
707 2371 746 2389 per
755 2365 832 2387 laicos,
843 2365 950 2385 clericum
961 2365 1061 2385 nondum
1073 2365 1105 2384 in-

165 2391 323 2414 corrigibilem,
335 2392 541 2409 excommunicatus
553 2397 597 2409 non
608 2394 647 2414 est,
660 2397 700 2410 nee
712 2392 777 2410 etiarn
794 2392 835 2415 ipsi
851 2392 972 2415 capientes.
1001 2391 1105 2410 Secundo

165 2416 255 2440 dieitur,
270 2417 288 2436 ni
308 2417 358 2436 talis
373 2417 411 2435 «iat
426 2417 567 2435 tide—iussores
584 2417 611 2435 de
626 2417 724 2440 parendo
740 2418 794 2436 iuri:
814 2418 910 2436 detineri
921 2423 966 2436 non
976 2417 1050 2442 debet,
1062 2417 1105 2436 nisi

368 2443 427 2461 iusta
437 2448 503 2462 eausa
513 2443 534 2461 id
545 2443 644 2462 suadeat.
672 2443 700 2462 ΙΙ.
711 2444 732 2461 d.
743 2443 821 2462 Ioann.
833 2443 903 2462 Andr.

425 2493 516 2519 Idem
534 2493 733 2519 Bonifacius
753 2493 841 2518 V111.1

234 2536 261 2561 Si
287 2535 403 2562 clericos
429 2541 493 2562 tuae
518 2535 699 2561 iurisdictioni
725 2536 867 2562 subiectos
893 2540 1008 2570 propter
1030 2544 1104 2562 com-

166 2571 267 2596 missos
290 2579 420 2597 excessus
443 2571 527 2596 etiam
548 2578 600 2604 per
622 2570 708 2595 laicos
731 2570 791 2604 capi
815 2570 909 2602 facias,
935 2576 962 2596 et
984 2579 1043 2603 eos,
1069 2579 1104 2596 ne

166 2604 298 2637 fugiantz’,
321 2605 347 2630 in
369 2605 497 2631 carcere³
519 2612 611 2638 poena
628 2604 723 2630 debita
744 2609 843 2637 postca
861 2605 1042 2637 castigandos
1064 2605 1103 2630 in-

165 2639 276 2664 cludas:
302 2644 329 2665 te
352 2640 396 2665 vel
418 2640 562 2673 capientes
585 2639 712 2670 eosdem,
737 2639 799 2664 licet
822 2639 947 2664 nondum
968 2644 1104 2678 appareat

165 2673 366 2705 incorrigibiles
381 2674 458 2699 illos-¹
472 2681 546 2705 esse,
563 2673 639 2698 nulla
657 2673 796 2698 credimus
815 2674 1102 2699 excommunicatione

165 2707 289 2739 nodarii',
309 2716 393 2742 quum
412 2708 438 2733 in
456 2708 508 2740 his,
523 2707 575 2733 nisi
592 2707 661 2733 alias
680 2716 713 2732 ex
731 2708 876 2741 proposito
895 2707 1063 2733 excedatur‘›'
1076 2709 1102 2733 in

165 2742 242 2775 ipsis,
265 2743 407 2768 temeritas
424 2743 468 2768 vel
486 2742 585 2767 iniuria
601 2750 636 2767 ne
660 2746 724 2767 ueat
742 2741 941 2775 deprehendi7.
978 2742 1102 2768 Eosdem

165 2784 279 2810 (noque
297 2777 422 2809 clericos,
445 2777 467 2802 si
491 2777 526 2802 de
548 2784 633 2810 paren
657 2784 673 2801 ο
692 2776 741 2801 iuri
760 2775 810 2801 tibi
832 2775 1037 2802 fideiussoriam
1056 2777 1102 2802 de-

185 2811 256 2836 erint
269 2812 437 2843 cautionem,
451 2810 577 2836 detinere
590 2818 646 2836 non
659 2810 757 2842 debes,
770 2809 822 2835 nisi
836 2818 968 2836 excessus
982 2811 1102 2837 enormi-

165 2849 206 2870 tas
220 2845 265 2871 vel
277 2845 332 2871 alia
345 2853 429 2871 causa
442 2845 614 2871 rationabilis
627 2853 676 2871 eos
690 2844 810 2871 suaserit
823 2844 999 2871 detinendos.

215 2949 267 2967 Tit.
283 2949 319 2968 XJ.
348 2950 409 2973 Cap.
424 2949 471 2968 ΧΠ.

165 2978 185 2997 Ἀ)
196 2974 314 2993 habeatur:
330 2974 344 2993 A
402 2976 422 2998 ss)
434 2976 592 2998 praecedente:
608 2974 622 2993 ,i

217 3001 277 3024 Cap.
293 3001 352 3019 XIII.
395 3003 413 3020 lu
424 3001 506 3019 solatii:
521 3000 598 3021 ACIJF:
617 3001 664 3020 sola
679 3001 776 3019 minore:
792 3000 819 3021 G:
834 3011 858 3013 —
872 2999 901 3023 cs.
915 3004 981 3024 supra
995 3005 1012 3017 c.
1023 3001 1041 3018 9.
1053 3000 1099 3019 (13.

216 3026 277 3049 (lap.
293 3027 350 3045 XIV.
379 3028 398 3050 i)
409 3027 567 3050 personaliter:
582 3026 596 3045 ‚i
650 3029 670 3049 2)
681 3027 789 3046 termino:
804 3025 850 3045 ΑΕΗ

167 3049 198 3069 [xl]
248 3053 310 3070 4121:
325 3050 358 3070 AC
407 3053 427 3070 :37
438 3052 499 3070 ἨΜΛ
514 3053 640 3071 absolutus:
655 3052 670 3071 A

367 3078 386 3099 1)
398 3078 470 3096 Bonif.
483 3078 553 3097 vum
567 3078 635 3096 dusl:
649 3077 736 3097 ACIJEF
789 3080 809 3101 2)
821 3077 939 3101 effugiant:
955 3076 969 3095 ,l

354 3104 375 3126 4)
385 3108 433 3122 eos:
448 3104 480 3121 AC
534 3104 554 3126 5)
564 3103 641 3128 ligari:
656 3103 672 3122 A
726 3104 746 3127 G)
757 3104 901 3123 extendatur:
915 3103 942 3121 il).

508 2949 529 2971 5)
538 2949 616 2968 fuerit:
631 2948 677 2968 Aca
730 2949 749 2973 G)
761 2949 790 2968 is:
805 2947 873 2967 deest:
886 2946 938 2966 ΛΜ
991 2948 1011 2971 7)
1022 2950 1054 2967 et:
1069 2948 1101 2967 At·

216 3078 276 3100 Cap.
293 3078 338 3095 XV.

164 3106 248 3120 cerem:
264 3102 300 3119 IJG

164 3126 244 3145 hendi:
260 3128 291 3145 ‚ic

1022 3077 1043 3100 3)
1053 3083 1099 3096 car·

996 3103 1016 3126 7)
1027 3108 1099 3127 repre-

446 294 552 321 siZX'rt
573 294 781 321 DECRETAL.
801 295 866 322 LIB.
885 293 919 322 V.
939 295 1009 322 TIT.
1029 295 1075 322 XI.
1095 296 1146 322 DF.
1165 296 1373 323 SENTENTIA
1393 296 1562 323 EXCOMM.
1582 300 1635 323 etc.
1655 303 1678 323 e.
1701 286 1806 330 13—-2oi

903 3025 923 3049 ὅ)
934 3031 981 3044 exc.
993 3027 1100 3049 potuerit:
1117 3013 1119 3038 i

2012 286 2084 321 1104

1539 375 1612 395 CAI’.
1626 375 1684 396 xvl.

1143 410 1266 429 Interdicto
1282 411 1342 429 cli-ru
1357 416 1401 428 non
1417 411 1450 428 est
1465 409 1598 429 interdictus
1617 409 1716 433 populus,
1731 415 1773 428 nee
1788 415 1799 428 e
1814 414 1929 428 converso.
1958 408 2080 427 Interdicta

1144 436 1234 455 civitate
1248 440 1338 460 propit-r
1348 436 1453 455 delictum
1468 436 1553 454 domini
1568 436 1628 454 cives
1643 441 1687 454 non
1703 435 1816 454 interdicti
1827 437 1890 454 extra
1904 435 1974 458 ipsam
1985 434 2079 453 audiunt

1144 462 1228 481 diviua.
1256 463 1378 481 interdu-tu
1397 461 1478 485 populo
1497 461 1766 506 {pitiviiillagzgsudexultlolpulu
1784 461 1940 484 intelliguntur
1958 459 2080 479 interdicti.

1559 528 1659 554 Ideni.

1213 573 1240 597 Si
1263 572 1401 598 sententia
1423 571 1562 597 interdicti
1585 571 1740 604 proferatur
1765 571 1792 596 in
1817 571 1933 597 clerum:
1958 579 2014 596 non
2039 569 2078 595 in-

1145 606 1283 639 telligitur.
1298 607 1348 632 nisi
1360 606 1434 632 aliud
1446 606 1480 631 sit
1492 614 1656 639 expressum
1675 605 1701 630 in
1717 613 1758 637 ea,
1772 605 1934 631 interdictus
1949 605 2078 638 populus,

1145 648 1196 666 nec
1214 641 1297 666 etiam
1316 650 1330 666 e
1349 649 1493 666 converso.
1531 639 1613 665 Unde
1632 647 1687 664 uno
1705 639 1852 665 interdicto
1871 639 1995 673 ipsorum
2008 639 2077 664 alius

1144 674 1217 700 licite
1230 675 1385 700 admittitur
1398 675 1433 700 ad
1447 675 1549 700 divina.
1572 675 1704 700 Ceterum
1718 681 1804 707 quum
1818 678 1932 707 propter
1945 673 2080 699 delictum

1146 708 1251 734 domini
1266 709 1309 735 vel
1323 710 1438 735 rectoris
1452 714 1494 734 est
1508 709 1604 734 civitas
1618 707 1774 739 interdicta,
1788 707 1862 733 cives
1877 707 2012 739 eiusdem,
2031 707 2079 741 qui

1144 743 1299 776 culpabiles
1310 752 1364 768 non
1376 744 1520 775 exsistunt,
1533 742 1697 775 (dummodo
1708 746 1735 767 et
1747 741 1799 775 ipsi
1810 746 1924 775 propter
1935 741 2079 767 dominum

1144 777 1188 802 vel
1205 782 1342 803 rectorem
1361 777 1533 811 puniendum
1552 777 1578 802 in
1596 777 1636 802 eis
1654 784 1709 801 non
1727 776 1829 801 fuerint
1842 775 2000 809 interdicti,)
2014 784 2079 809 pos-

1144 816 1207 836 sunt
1225 816 1302 837 extra
1320 812 1408 845 ipsam
1432 812 1504 837 licite
1527 811 1662 837 interesse
1680 809 1789 836 divinis.
1826 810 1917 843 Quum
1933 818 2010 842 vero,
2031 810 2080 835 ali-

1145 845 1221 871 cuius
1242 851 1332 871 terrae
1351 846 1471 879 populus
1494 845 1641 871 interdicto
1658 845 1798 870 notaturl:
1821 845 1976 877 singulares
1994 852 2027 870 ex
2045 852 2079 869 eo

1145 887 1292 912 personae,
1310 888 1378 913 quas
1393 880 1553 905 interdictas
1567 888 1630 905 esse
1644 883 1762 910 constat,
1779 887 1813 904 ne
1827 878 1966 904 sententia
1979 878 2080 904 effectu

1144 919 1246 946 careat,
1261 922 1346 947 quum
1360 914 1517 939 divinorum
1527 914 1632 939 auditio
1643 918 1671 939 et
1685 917 1921 939 sacramentorum
1934 913 2078 946 perceptio

1147 949 1252 981 populo
1275 953 1304 973 ut
1327 949 1462 974 universis
1484 957 1539 973 non
1562 949 1749 981 competant‘J,
1771 955 1826 972 non
1848 947 1953 972 debent
1969 947 2079 979 alicubi,

1144 982 1265 1013 (casibus
1283 983 1423 1016 expressis
1442 984 1474 1008 a³⁵
1492 983 1550 1008 iure
1568 983 1701 1008 duntaxat
1715 982 1859 1016 exceptis)
1877 981 1974 1007 audire
1987 980 2081 1006 divina

1143 1016 1188 1042 vel
1201 1017 1392 1042 ecclesiastica
1408 1018 1532 1050 recipere
1547 1021 1729 1043 sacramenta.

1535 1086 1607 1105 CAP.
1622 1086 1692 1106 XVII.

1143 1120 1266 1139 lutei-dicta
1285 1121 1376 1140 civitate
1394 1120 1501 1139 suburbia
1519 1122 1541 1140 et
1560 1121 1699 1139 continentia
1717 1120 1820 1139 aedilicia
1834 1119 1940 1139 dicuntur
1953 1119 2080 1138 interdieta.

1142 1146 1171 1164 Et
1185 1146 1306 1165 interdicta
1319 1146 1416 1166 eeclesia
1430 1147 1516 1170 capella
1530 1147 1634 1169 contigua
1648 1148 1670 1165 et
1685 1146 1843 1165 coemeterium
1859 1145 1988 1170 contiguum
1998 1145 2081 1165 dieitur

1406 1172 1558 1191 interdictum.
1586 1173 1614 1191 H.
1625 1172 1645 1190 (1.
1656 1172 1734 1191 Ioanii.
1745 1172 1815 1191 Andr.

1564 1218 1662 1244 Idem.

1211 1261 1240 1286 Si
1262 1261 1359 1287 civitas
1381 1265 1502 1287 castrum
1526 1266 1573 1287 aut
1598 1261 1662 1287 villa
1687 1261 1867 1287 subiiciantur
1888 1261 2080 1287 ecclesiastico

1144 1295 1304 1321 interdicto:
1318 1296 1445 1321 illorum1
1459 1296 1593 1321 suburbia
1605 1301 1633 1321 et
1646 1295 1816 1321 continentia
1829 1295 1956 1321 aedificia
1969 1303 2003 1321 eo
2016 1295 2079 1329 ipso

1146 1329 1262 1363 intelligi
1276 1330 1405 1356 volumus
1420 1330 1575 1356 interdicta.
1605 1331 1685 1362 Nam,
1699 1330 1763 1355 licet
1777 1330 1921 1364 praedicta
1933 1330 2080 1356 videantur

1143 1364 1210 1389 alias
1239 1372 1382 1390 murorum
1411 1365 1517 1390 ambitu
1546 1365 1699 1390 terminari:
1729 1365 1783 1390 hoc
1812 1369 1907 1390 tamen
1935 1372 2015 1396 casu,
2044 1372 2080 1390 ne

1142 1398 1276 1432 vilipendi
1293 1399 1385 1424 valeat
1403 1399 1541 1425 sententia
1559 1399 1706 1431 interdicti,
1724 1399 1811 1432 (quod
1829 1398 1918 1430 fieret,
1941 1398 1963 1424 si
1980 1403 2079 1432 posset

1143 1433 1169 1457 in
1199 1433 1323 1466 ipsorum
1352 1433 1491 1459 suburbiis
1521 1433 1565 1459 vel
1598 1433 1805 1458 continentibus
1838 1433 1973 1458 aedificiis
2005 1432 2081 1458 licite

1144 1467 1279 1493 celebrari
1298 1472 1327 1492 ut
1345 1468 1440 1501 prius)
1459 1468 1573 1501 expedit
1591 1467 1849 1501 interpretationem
1867 1467 1926 1493 fieri
1942 1467 2079 1493 latiorem.

1143 1501 1262 1527 Ratione
1280 1510 1393 1535 quoque
1407 1502 1498 1534 simili,
1518 1502 1539 1527 si
1554 1502 1588 1527 sit
1602 1501 1720 1528 ecclesia
1738 1502 1886 1527 interdicto
1900 1502 2080 1535 supposita2*

1142 1536 1186 1561 vel
1197 1536 1332 1568 subiecta,
1346 1536 1415 1562 nec3
1428 1537 1455 1561 in
1467 1536 1574 1570 capella
1585 1536 1644 1562 eius
1655 1536 1800 1568 celebrari,
1810 1544 1862 1561 nec
1872 1536 1900 1561 in
1911 1536 2080 1562 coemeterio

1144 1570 1230 1604 ipsius
1246 1570 1339 1596 eidem
1352 1571 1488 1596 ecclesiae
1502 1571 1640 1604 contiguis
1654 1571 1757 1604 poterit
1770 1570 1894 1605 sepeliri;
1913 1578 2004 1604 secus,
2018 1570 2041 1596 si
2055 1570 2080 1596 ei

1142 1605 1274 1638 contigua
1286 1613 1342 1630 non
1357 1605 1502 1631 exsistant.

1529 1675 1546 1695 C
1552 1675 1571 1694 A
1577 1675 1602 1693 P.
1617 1675 1698 1695 XVIII.

1143 1709 1264 1728 Celebrans
1274 1709 1372 1728 scienter
1382 1710 1404 1728 in
1415 1709 1511 1729 eeclesia
1520 1709 1612 1733 polluta,
1623 1709 1658 1728 vel
1669 1710 1786 1733 praesente
1796 1709 1990 1728 excommunicato
2000 1709 2080 1728 maiori

1142 1736 1382 1759 excommunicatione,
1394 1736 1581 1759 irregularitatem
1593 1740 1637 1753 non
1649 1735 1768 1754 contrahit.
1796 1735 1968 1757 Domin.—-§.1.
1978 1734 2081 1754 Seienter

1143 1761 1260 1780 celebrans
1280 1762 1304 1780 in
1323 1761 1373 1780 loco
1392 1761 1513 1780 interdicto
1532 1761 1555 1780 iu
1575 1761 1664 1780 casibus
1678 1766 1723 1779 non
1737 1761 1858 1785 permissis,
1870 1761 1998 1785 irregularis
2012 1762 2034 1780 et
2047 1761 2080 1779 in-

1440 1787 1546 1811 eligibilis
1557 1788 1596 1806 est.
1624 1787 1651 1805 II.
1663 1786 1684 1805 d.
1694 1787 1784 1805 Domin.

1562 1829 1662 1854 Ideni.

1210 1872 1249 1904 Is,
1280 1871 1326 1905 qui
1356 1871 1383 1897 in
1412 1871 1531 1898 ecclesia
1559 1871 1703 1904 sanguinis
1733 1875 1781 1896 aut
1805 1871 1918 1897 seminis
1942 1870 2079 1897 effusione

1142 1906 1262 1939 polluta,
1291 1906 1336 1931 vel
1366 1906 1413 1938 qui
1442 1906 1638 1939 praesentibus
1667 1905 1764 1930 maiori
1793 1905 2079 1932 excommunicatione

1142 1940 1252 1966 nodatis
1266 1940 1386 1966 scienter
1399 1940 1541 1966 celebrare
1554 1940 1733 1974 praesumit¹‚
1746 1939 1811 1965 licet
1825 1939 1852 1965 in
1865 1940 1918 1965 hoc
1931 1940 2079 1966 temerarie

1141 1979 1216 2007 agat,
1233 1974 1444 2007 irregularitatis
1457 1979 1560 2006 tamen,
1580 1975 1675 2008 (quum
1689 1974 1733 1999 id2
1750 1982 1806 1999 non
1819 1974 1855 1999 sit
1873 1982 2037 2008 expressum
2049 1974 2078 2000 in

1142 2009 1220 2041 iure),
1242 2009 1372 2042 laqueum
1390 2017 1445 2034 non
1464 2009 1585 2034 incurrit.
1625 2007 1646 2042 ξ.
1664 2016 1684 2034 1.
1704 2009 1728 2034 Is
1745 2016 1822 2040 vero,
1847 2008 1892 2042 qui
1915 2009 2035 2034 scienter
2051 2008 2079 2034 in

1142 2043 1202 2068 loco
1227 2043 1352 2069 celebrat
1373 2043 1519 2077 supposito
1542 2043 1703 2075 interdicto,
1728 2042 1792 2076 (nisi
1814 2051 1900 2076 super
1920 2043 1974 2068 hoc
1995 2043 2078 2077 privi-

1141 2077 1259 2110 legiatus
1274 2078 1398 2110 exsistat,
1412 2082 1460 2102 aut
1473 2086 1489 2102 a
1503 2077 1560 2103 iure
1572 2077 1607 2102 sit
1618 2085 1784 2102 concessum
1794 2077 1906 2110 eidem,)
1920 2077 2076 2111 irregulari-

1142 2116 1228 2137 tatem
1243 2112 1364 2143 incurrit,
1378 2120 1394 2137 a
1408 2120 1463 2145 qua
1476 2111 1573 2145 nequit
1586 2120 1636 2145 per
1649 2111 1742 2143 alium,
1761 2119 1845 2145 quam
1858 2120 1909 2145 per
1920 2112 2079 2137 Romanum

1141 2146 1303 2172 Pontificem
1320 2146 1441 2178 liberari,
1460 2151 1487 2172 et
1505 2146 1578 2171 adeo
1597 2145 1732 2171 efficitur³
1749 2145 1918 2179 ineligibilis,
1937 2146 2014 2180 quod
2026 2154 2080 2172 nec

1140 2180 1176 2206 ad
1190 2180 1352 2214 eligendum
1365 2181 1445 2206 cum⁴
1458 2180 1519 2206 aliis
1533 2180 1648 2206 debebit
1661 2180 1780 2206 admitti.

1535 2249 1552 2269 C
1559 2249 1578 2269 A
1584 2250 1609 2268 P.
1624 2250 1682 2269 XIX.

1153 2284 1263 2308 Tempore
1274 2284 1388 2304 interdicti
1398 2284 1496 2303 chrisma
1506 2284 1542 2303 die
1552 2289 1636 2304 coenae
1646 2283 1739 2303 Domini
1749 2283 1829 2303 confici
1839 2285 1920 2308 potest.
1946 2284 1995 2304 Hoc
2005 2284 2067 2304 dicit.

1559 2330 1658 2357 Idem.

1210 2374 1349 2407 Quoniam
1370 2374 1397 2399 in
1419 2373 1560 2407 baptismo
1583 2378 1611 2400 et
1634 2373 1858 2406 confirmatione,
1881 2381 1953 2407 quae
1973 2373 2077 2400 nedum

1142 2409 1249 2441 pueris,
1274 2408 1325 2434 sed
1348 2412 1375 2434 et
1396 2408 1498 2434 adultis
1522 2413 1636 2442 propter
1657 2416 1753 2434 morae
1777 2408 1931 2442 periculum
1953 2408 2078 2434 exhiberi

1141 2447 1259 2476 possunt
1270 2443 1344 2468 licite
1355 2447 1482 2476 tempore
1494 2443 1643 2475 interdicti,
1656 2442 1813 2468 chrismatis
1824 2443 1925 2468 utimur
1935 2442 2078 2468 unctione:

1140 2485 1234 2510 posse,
1255 2477 1320 2502 licet
1342 2481 1416 2503 terra
1439 2477 1586 2503 interdicta
1608 2477 1737 2510 exsistat,
1763 2477 1884 2503 chrisma
1905 2476 1950 2503 die
1972 2484 2077 2503 coenae

1140 2511 1252 2537 Domini
1266 2511 1374 2544 confici,
1388 2511 1503 2537 dubium
1517 2519 1572 2537 non
1585 2511 1703 2537 exsistit.

1543 2581 1559 2601 C
1566 2581 1615 2600 ΑΡ.
1630 2581 1677 2600 XX.

1139 2614 1264 2638 Suspensus
1278 2615 1306 2634 ab
1320 2615 1422 2639 ingressu
1437 2615 1553 2638 eeclesiae,
1565 2615 1588 2634 iu
1599 2621 1626 2634 ea
1640 2615 1717 2633 divina
1727 2615 1850 2638 celebrans,
1862 2616 1895 2634 est
1908 2614 2043 2639 irregularis,
2055 2616 2078 2633 et

1139 2641 1237 2659 moriens
1248 2641 1396 2664 impoenitens
1406 2641 1551 2664 suspensione
1561 2641 1601 2660 illa
1611 2641 1712 2663 durante,
1724 2643 1785 2660 earet
1795 2641 1948 2660 ecclesiastiea
1957 2640 2076 2664 sepultura.

1138 2667 1167 2685 Et.
1176 2667 1291 2690 suspensio
1302 2667 1329 2686 ab
1340 2668 1440 2690 ingressu
1451 2667 1561 2686 ecelesiae
1570 2667 1605 2686 vel
1622 2667 1695 2685 officio
1709 2672 1748 2690 per
1762 2667 1936 2690 appellationem
1946 2667 2075 2690 sequentem

1423 2698 1469 2712 non
1480 2693 1628 2717 suspenditur.
1656 2693 1684 2711 H.
1695 2693 1716 2711 d.
1727 2693 1792 2711 Doni.

1555 2734 1655 2760 Idem.

1208 2777 1241 2809 Is,
1255 2777 1297 2802 cui
1312 2781 1355 2803 est
1366 2777 1502 2803 ecclesiae
1516 2777 1679 2803 interdictus
1693 2776 1845 2809 ingressus,
1860 2783 1945 2809 quum
1957 2774 2010 2800 sibi
2025 2783 2075 2808 per

1139 2819 1317 2845 consequens
1339 2816 1487 2837 censeatur
1508 2812 1535 2837 in
1557 2811 1618 2845 ipsa
1640 2811 1796 2836 divinorum
1818 2809 1969 2836 celebratio
1991 2809 2074 2835 inter—

1139 2845 1222 2878 dicta,
1240 2845 1400 2879 irregularis
1418 2845 1545 2879 efficitur,
1567 2846 1591 2871 si
1608 2850 1704 2871 contra
1721 2844 1897 2871 interdictum
1914 2843 2073 2870 huiusmodi

1188 2950 1249 2973 Cap.
1265 2949 1322 2969 xvt.
1350 2949 1370 2973 1)
1381 2949 1488 2968 nodatur:
1503 2948 1590 2968 AJJCDE
1641 2948 1661 2971 2)
1672 2948 1793 2971 competat.-
1803 2945 1853 2966 ACD
1905 2945 1925 2970 3)
1936 2946 1970 2966 iu:
1985 2945 2051 2965 ACIIG

1192 2976 1253 2999 Cap.
1269 2975 1338 2995 XVII.
1367 2975 1387 3000 1)
1398 2981 1486 2995 eorum:
1501 2976 1527 2997 C,-
1541 2974 1603 2993 tidelm
1617 2974 1740 2993 minorum:
1753 2972 1769 2991 A
1779 2997 1784 3002 Π
1840 2971 1862 3001 fl)
1873 2977 1934 3002 supp.
1945 2972 1992 2991 vol:
2007 2972 2076 2992 deest:

1139 3000 1200 3019 lerl.
1215 3001 1261 3020 coll.
1323 3000 1344 3024 3)
1355 3006 1396 3020 nee
1410 3001 1434 3020 iu
1448 3001 1535 3024 capella
1544 3005 1585 3019 noe
1600 3001 1623 3019 in
1634 2999 1768 3019 coemeterio
1778 2998 1819 3021 ψειῐ
1829 2997 1918 3021 (imnum
1933 2997 1954 3021 (J)
1965 2998 2074 3018 ecelesiae

1138 3027 1248 3050 contiguis
1259 3026 1367 3046 celebrari
1379 3026 1451 3049 (adds
1466 3027 1508 3045 nisi
1522 3027 1588 3050 prout
1597 3031 1610 3045 a
1620 3026 1668 3044 iure
1678 3023 1824 3048 permittitur:
1839 3022 1860 3047 0)
1875 3023 1946 3047 potuit
1956 3024 1991 3042 vel
2006 3025 2073 3043 eiiam

1136 3052 1213 3075 (deust.-
1228 3052 1252 3075 Α)
1263 3053 1365 3076 sepeliri:
1380 3052 1429 3071 1100
1921 3075 1926 3078 Ι

1188 3079 1249 3101 Cap.
1264 3078 1344 3098 xviii.
1373 3078 1392 3101 1)
1402 3077 1586 3101 praesumpserit:
1602 3075 1637 3095 AD
1689 3074 1710 3098 2)
1720 3075 1772 3093 hoe:
1787 3073 1836 3093 Aes)
1878 3074 1948 3098 ³)s12:
1964 3074 1992 3097 A;
2003 3075 2038 3094 fit:
2050 3075 2078 3098 (J,-

1135 3103 1202 3123 decst:
1216 3103 1254 3122 DF
1303 3104 1324 3126 4)
1335 3105 1367 3122 est
1377 3109 1427 3122 cum
1438 3103 1488 3122 aliis
1498 3102 1662 3122 admIttendus:
1676 3099 1691 3119 A
