2243 3288
120 258 186 286 1041

123 335 235 367 officiiS,
253 333 442 368 portionibus,
460 333 681 368 praestimoniis,
700 334 826 360 ecclesiis
840 333 1058 368 parochialibus,

122 369 270 401 ruralibus,
300 372 328 394 et
352 368 413 393 aliis
444 369 657 402 quibuscunque
686 369 830 394 beneficiis
861 369 1058 394 ecclesiasticis

121 403 272 433 vacaturis,
294 410 462 436 quocunque
479 403 591 429 nomine
609 408 803 435 censerentur,
821 411 853 429 ac
872 403 957 428 etiam
975 412 1059 437 super

121 437 330 464 canonicatibus
355 437 407 462 sub
432 437 643 471 exspectatione
665 438 847 471 dignitatum,
872 437 917 463 vel
941 438 1058 463 aliorum

121 479 351 506 quorumcunque
364 471 579 504 beneficiorum,
597 472 624 497 in
638 472 739 505 quibus
758 472 799 497 ius
813 480 869 497 non
883 476 959 497 esset
973 480 1058 505 quae-

120 507 204 532 situm
226 505 254 531 in
275 513 314 538 re,
336 505 401 531 licet
423 506 459 531 ad
482 514 550 538 rem,
572 515 589 531 a
610 506 699 532 felicis
721 506 923 532 recordationis
942 507 1057 532 Nicolao

118 541 211 574 Papaz‘
224 540 270 566 IV.
288 544 316 565 et
335 540 497 565 Coelestino
511 541 545 566 V.
562 540 829 574 praedecessoribus
848 541 951 566 nostris
970 541 1057 566 factas

119 575 177 601 sive
191 582 350 606 concessas,
368 575 535 600 auctoritate
548 575 705 608 apostolica
718 575 745 600 in
765 575 880 600 fratrum
898 580 1057 601 nostrorum

118 609 279 643 praesentia
297 610 410 634 omnino
429 610 614 641 cassavimus,
636 609 803 635 irritavimus
822 614 850 635 et
868 610 1057 642 vacuavimus,

120 652 224 675 cassas,
237 643 328 669 irritas
343 647 370 669 et
383 652 485 669 vacuas
499 643 701 676 nunciavimus,
712 649 739 669 et
752 644 853 669 nullius
865 644 924 670 fore
935 644 1056 670 decrevi-

118 678 197 704 mus3
219 677 371 710 firmitatis,
393 678 499 704 multae
522 678 711 704 dubitationes
733 679 894 712 insurgunt,
917 683 960 711 ut,
983 679 1057 704 unde

118 712 263 747 praefatae
280 712 487 738 constitutionis
505 713 681 738 revocatoria
702 714 841 746 processit
858 713 954 745 editio,
974 713 1057 739 inter<

118 747 239 781 pretatio
268 747 328 772 eius
359 755 472 780 quoque
502 747 649 781 procedat:
685 747 827 781 praesenti
858 747 1056 773 declarandum

118 781 247 807 duximus
270 781 427 814 sanctione,
453 782 529 815 quod
551 781 578 806 in
600 781 679 813 illis-1,
706 781 751 815 qui
775 782 906 807 editionis
930 787 1056 816 tempore

118 825 204 850 supra
225 815 317 841 dictae
339 816 411 841 ultra
432 820 567 841 statutum
584 824 731 841 numerum
748 817 845 842 erant5
866 825 917 850 per
938 817 1056 842 eosdem

117 850 353 885 praedecessores
376 850 500 876 canonici
523 850 575 876 sub
598 851 809 884 exspectatione
831 851 1056 884 praebendarum

117 885 163 911 vel
180 885 264 911 etiarn
282 884 467 918 portionumss,
485 884 587 910 eadem
604 885 766 910 constitutio
786 886 877 911 locum
895 886 990 911 habet.
1027 886 1055 911 Si

117 924 212 946 autem
229 919 388 945 huiusmodi
410 919 516 953 recepti
535 920 606 944 ultra
622 928 770 945 numerum
788 920 1008 952 distributiones,
1027 925 1055 946 et

117 955 180 987 alia,
197 958 227 979 ut
244 954 368 979 canonici
388 953 423 979 de
436 962 553 979 numero
568 954 750 986 exsistentes,
769 954 808 980 sic
822 959 949 988 tempore
963 955 1054 981 dictae

116 989 302 1015 revocationis
321 988 478 1021 habebant,
502 988 579 1022 quod
601 997 651 1022 per
668 989 825 1015 cessionem
842 990 887 1015 vel
906 989 1054 1015 decessum

117 1023 236 1055 illorum,
251 1023 297 1056 qui
312 1027 390 1048 erant
403 1023 475 1048 intra
487 1031 644 1055 numerum,
663 1032 696 1049 ex
713 1024 810 1057 vigore
827 1023 928 1057 prioris
946 1025 1053 1057 gratiae

115 1058 170 1084 nil7
187 1058 307 1091 amplius
325 1057 438 1091 assequi
456 1058 671 1091 exspectabant,
688 1058 740 1083 nisi
759 1058 987 1084 distributionum
1004 1067 1054 1084 seu

116 1093 237 1127 partium
249 1100 362 1117 suarum
375 1097 566 1125 augmentum,
585 1101 671 1126 quum
684 1092 779 1118 forsan
793 1098 867 1118 esset
881 1093 1009 1125 ecclesia,
1027 1093 1054 1118 in

117 1136 173 1161 qua
186 1127 393 1159 canonicorum,
411 1135 467 1152 non
480 1132 576 1152 autem
595 1127 756 1160 portionum
769 1136 900 1153 numerus
913 1128 958 1153 vel
976 1136 1054 1161 prae-

115 1161 272 1188 bendarum
286 1161 427 1186 distinctio
440 1161 622 1193 habebatur-³,
642 1167 805 1195 quantoque
819 1162 890 1188 inter
906 1163 1053 1195 pauciores

116 1196 237 1222 cuiusvis
251 1195 386 1221 ecclesiae
400 1195 570 1227 dividuntur,
588 1201 750 1229 proventus,
769 1201 846 1222 tanto
860 1197 981 1222 maiores
995 1196 1054 1222 fieri

115 1235 234 1265 possunt
256 1230 429 1264 singulorum
451 1230 666 1264 percipientium
683 1231 841 1264 portiones:
865 1231 902 1256 ad
924 1231 992 1256 istos
1010 1231 1054 1257 vel

116 1274 179 1298 eos,
205 1265 252 1299 qui
278 1273 328 1299 per
352 1265 446 1290 literas
472 1265 612 1290 facultatis
638 1265 776 1290 dictorum
802 1265 1055 1299 praedecessorum

114 1305 275 1326 nostrorum
288 1300 316 1324 in
329 1299 484 1333 aliquarum
496 1299 676 1325 ecclesiarum
687 1300 835 1325 canonicos
848 1305 926 1326 erant
938 1300 1053 1334 recepti,

114 1335 180 1361 licet
193 1334 371 1368 praebendas
384 1334 429 1359 vel
442 1334 496 1359 alia
508 1334 646 1360 beneficia
660 1339 866 1368 exspectarent,
880 1335 1054 1360 constitutio-

114 1377 180 1395 nem
198 1373 305 1395 certum
322 1373 366 1394 est
382 1377 439 1393 non
456 1368 568 1394 extendi
587 1369 752 1402 praefatam.
790 1370 819 1394 In
837 1369 890 1394 illis
909 1378 989 1401 vero,
1008 1369 1055 1403 qui

116 1404 188 1429 ultra
197 1411 346 1429 numerum
356 1403 523 1428 auctoritate
534 1403 662 1436 praefata
672 1403 699 1428 in
710 1404 866 1437 aliquarum
874 1404 1055 1429 ecclesiarum

116 1438 266 1464 canonicos
280 1438 335 1463 iam
348 1437 464 1471 recepti,
479 1442 614 1471 quantum
627 1438 664 1463 ad
678 1438 831 1472 capitulum
844 1443 871 1464 et
885 1438 921 1464 ad
939 1439 1055 1464 chorum

115 1481 148 1499 ac
170 1472 398 1498 distributionum
423 1472 634 1506 perceptionem
657 1473 882 1506 quotidianarum
907 1473 1055 1506 plenitudi-

115 1516 181 1533 nem
194 1507 260 1532 iuris
274 1506 399 1532 canonici
413 1511 478 1532 tunc
491 1506 643 1539 habebant,
658 1507 708 1532 sed
722 1507 748 1532 in
763 1507 803 1533 eis
818 1507 979 1540 dignitates,
993 1516 1054 1541 per-

116 1546 246 1574 sonatus,
271 1541 464 1575 praebendas,
490 1541 633 1575 portiones
659 1542 703 1567 vel
728 1542 782 1567 alia
806 1542 957 1574 beneficia,
983 1550 1055 1576 quae

116 1577 217 1602 dantur
231 1581 339 1602 tantum
353 1576 552 1602 exsistentibus
568 1576 603 1601 de
616 1585 742 1608 numero,
761 1577 973 1610 exspectabant,
991 1585 1055 1602 con-

115 1612 292 1637 stitutionem
305 1610 461 1645 praefatam
474 1611 567 1636 locum
580 1611 694 1643 habere,
713 1611 821 1636 ratione
835 1611 996 1636 huiusmodi
1010 1619 1055 1637 ex-

115 1645 298 1680 spectationis
321 1645 437 1670 dubium
459 1653 515 1670 non
536 1645 653 1671 exsistit.
690 1646 763 1671 Sane
785 1646 811 1671 in
834 1645 880 1676 iis,
903 1646 950 1679 qui
972 1654 1056 1679 super

116 1680 335 1712 canonicatibus,
353 1679 522 1713 praebendis
537 1684 564 1705 et
578 1679 772 1713 dignitatibus,
789 1680 996 1714 parochialibus
1011 1680 1056 1706 vel

115 1715 176 1741 aliis
199 1715 325 1740 ecclesiis
348 1722 398 1740 seu
422 1714 566 1739 beneficiis
589 1715 804 1748 quibuscunque
829 1723 844 1740 a
870 1714 950 1740 dictis
976 1723 1055 1748 prae-

115 1749 314 1776 decessoribus
333 1749 436 1774 nostris
454 1749 548 1774 literas
568 1749 800 1782 impetraverunt,
818 1748 927 1775 etiamsi
946 1758 997 1782 per
1010 1758 1054 1775 ex-

115 1789 260 1810 secutores
275 1783 385 1809 illorum
403 1782 493 1808 factae
506 1783 609 1809 fuerint
623 1784 838 1815 reservationes,
853 1784 959 1809 decreti
972 1784 1054 1809 inter-

116 1819 274 1853 positiones
287 1818 414 1851 variique
432 1826 596 1851 processus,
614 1823 654 1850 et,
672 1818 781 1844 etiamsi
800 1818 901 1844 eadem
918 1818 1055 1844 beneficia

116 1860 181 1879 tunc
198 1853 350 1885 vacabant,
372 1857 400 1878 et
422 1861 472 1886 per
493 1852 676 1886 impetrantes
698 1853 817 1887 petitum
839 1853 929 1879 fuerat
951 1853 986 1878 ab
1010 1861 1054 1879 ex-

115 1888 306 1920 secutoribus,
333 1886 410 1921 quod
428 1887 468 1912 eis
486 1887 532 1912 illa
549 1887 722 1920 conferrent,
744 1896 800 1913 non
818 1892 912 1913 tamen
929 1887 1055 1922 ipsorum

115 1922 318 1949 beneficiorum
348 1922 508 1947 vacantium
532 1921 697 1948 collationes
723 1927 788 1948 tunc
814 1922 948 1956 temporis
974 1927 1054 1948 erant

115 1958 216 1989 factae,
229 1957 322 1982 locum
335 1956 421 1982 habet
434 1956 597 1981 constitutio
611 1965 695 1990 supra
709 1957 792 1989 dicta,
807 1962 836 1982 ut
850 1965 947 1982 omnes
961 1957 1054 1982 huius-

114 1992 192 2018 modi
210 1992 327 2025 gratiae,
346 1999 462 2024 quarum
480 1991 587 2016 ratione
605 1995 669 2016 tunc
682 2000 739 2017 non
752 1996 812 2017 erat
825 1991 861 2017 ad
875 1991 1054 2017 collationem

114 2035 290 2066 processum,
315 2031 343 2051 et
368 2025 408 2051 sic
432 2033 483 2059 per
508 2033 685 2059 consequens
711 2027 753 2051 ius
778 2026 805 2051 in
841 2035 871 2052 re
884 2034 940 2051 non
964 2026 1054 2052 fuerat

116 2062 184 2096 ipsis
209 2060 424 2095 impetrantibus
450 2060 631 2093 acquisitum,
661 2060 852 2094 intelligantur
877 2061 988 2094 penitus
1013 2069 1054 2087 re-

114 2100 241 2122 vocatae.

423 2192 648 2221 TITULUS
675 2192 753 2220 VIII.

141 2251 195 2278 NE
213 2250 323 2277 SEDE
342 2250 547 2276 VACANTE
566 2251 746 2284 ALIQUID
766 2249 1030 2276 INNOVETUR.

518 2321 534 2339 C
542 2320 560 2339 A
566 2321 592 2340 P.
608 2321 626 2340 U
633 2321 659 2339 N.

115 2356 242 2375 vallatione
252 2355 402 2374 communiter
412 2354 439 2373 ad
450 2355 577 2379 episcopum
589 2357 610 2374 et
621 2355 742 2378 capitulum
754 2355 888 2378 pertinente,
903 2359 947 2373 uno
958 2354 1057 2378 ipsorum

114 2384 194 2402 effecto
209 2382 312 2405 inhabili,
333 2381 390 2399 alter
403 2381 498 2399 confert.
526 2382 553 2400 H.
570 2382 590 2399 d.
606 2387 675 2405 nsque
689 2382 717 2400 ad
732 2383 750 2402 ξ.
766 2382 839 2403 Qnuin
853 2386 914 2404 vero,
934 2380 1056 2399 secundum

114 2408 266 2428 Dominieuin.
283 2417 305 2420 —
321 2410 339 2429 ξ.
351 2409 369 2426 l.
389 2407 515 2426 Collatione
534 2409 649 2430 spectante
668 2407 696 2425 :id
715 2408 842 2431 episcopum
862 2407 890 2425 do
909 2406 1003 2425 consilio
1022 2406 1057 2425 vel

113 2440 206 2453 assensu
225 2433 324 2457 capituli,
344 2433 383 2451 illo
402 2433 524 2451 exsistente
544 2433 645 2455 inhabili,
665 2433 709 2451 nisi
729 2433 756 2451 sit
775 2433 797 2451 in
818 2438 887 2453 mora,
906 2438 951 2450 nou
971 2433 1058 2450 consui-t

113 2460 242 2484 capitutum.
270 2460 318 2478 Hoc
330 2459 390 2477 dicit.
403 2469 424 2471 —
436 2461 454 2480 §-
464 2460 482 2477 2.
494 2458 586 2477 liabens
600 2459 702 2477 conferre
718 2464 766 2477 cum
782 2459 877 2477 consilio
888 2458 993 2481 episcopi,
1009 2458 1057 2476 sine

139 2487 178 2505 illo
189 2486 283 2508 confert,
299 2487 370 2504 morte
381 2486 403 2503 et
413 2486 499 2503 remota
508 2485 610 2503 absentia
620 2485 793 2504 interveniente.
822 2485 849 2503 H.
860 2484 881 2502 d.
892 2484 1031 2503 Domitiicus.

444 2535 644 2561 Bonifacius
658 2536 728 2561 VIII.

183 2581 211 2606 Si
234 2579 270 2606 ad
287 2579 452 2613 episcopum
471 2583 499 2604 et
521 2579 673 2612 capitulum
695 2578 879 2604 communiter
901 2578 1057 2612 pertineatl

114 2615 226 2642 collatio
240 2614 475 2648 praebendarum,
494 2618 604 2639 mortuo
619 2613 754 2647 episcopo
769 2613 812 2639 vel
826 2622 842 2638 a
855 2612 1057 2639 beneficiorum

114 2650 264 2676 collatione
289 2656 441 2682 suspenSO,
466 2648 569 2681 poterit
594 2647 747 2682 capitulum
772 2652 904 2674 vacantes
929 2647 1057 2673 conferre

183 2755 240 2779 Tit.
259 2755 306 2779 IX.
346 2754 415 2785 Cap.
440 2754 457 2777 Ι,
501 2751 525 2784 a)
544 2752 646 2777 Det-rel.
664 2753 754 2776 hume.
773 2753 819 2776 lv.
840 2759 890 2776 scr.
912 2757 1051 2783 1243—-53.

113 2804 148 2808 —
163 2789 280 2815 Pottlzast
297 2797 338 2813 no.
360 2793 448 2820 15125.
471 2801 502 2805 —
530 2787 555 2811 in
574 2788 663 2819 Cnmp.
682 2795 702 2811 c.
726 2794 744 2811 1.
765 2786 787 2811 h.
806 2790 822 2810 1.
847 2800 881 2804 -
904 2786 985 2810 Bulla
1010 2787 1055 2810 Ad

114 2825 216 2857 exped.
249 2823 302 2848 No.
325 2830 364 2854 29.
393 2837 426 2840 —
456 2823 543 2846 rectori
572 2823 690 2846 eeclesiae
724 2822 860 2853 Halgleton
894 2829 936 2854 ap.
967 2820 1059 2846 sslansi

165 2980 218 3000 Tit.
231 2980 280 3000 VH.
309 2979 371 3004 Cap.
386 2979 445 3000 vm.
477 2978 574 3003 ⁸2)1'ap.:
588 2975 657 2997 dccst:
671 2976 742 2996 ABDG
806 2975 827 3000 3)
837 2975 991 2996 decernimus:
1005 2974 1060 2995 ABE

113 3005 135 3029 4)
145 3006 207 3025 add.:
222 3007 347 3026 canonicis:
362 3005 379 3025 Δ
457 3004 478 3028 5)
493 3004 555 3023 mill..-
569 3003 676 3023 assecuti:
690 3003 717 3022 1'11.
800 3003 821 3025 6)
834 3002 871 3021 hoc
881 3002 924 3021 loco
934 3003 956 3021 in
966 3003 982 3021 Α
992 3007 1056 3026 quac-

114 3031 163 3050 dam
181 3032 313 3054 inseruntur.
327 3037 388 3057 quac,
402 3037 466 3056 quum
486 3030 569 3049 nullius
588 3029 687 3048 manituti
700 3034 744 3047 csse
760 3028 878 3053 videantur,
897 3033 963 3053 neque
977 3027 1057 3047 mendis

114 3058 194 3081 nyctim,
208 3058 323 3078 amittanda
333 3063 377 3078 csse
386 3058 515 3077 cmzsm'mus.
561 3055 581 3079 7)
592 3056 627 3075 vel
638 3055 733 3079 amplius
743 3060 809 3079 quain
819 3054 913 3074 hubent:
928 3053 943 3073 A
987 3053 1008 3078 S)
1019 3054 1055 3073 ha-

115 3083 294 3130 hengst-agin-
322 3110 383 3134 Cap.
398 3115 436 3129 uu.
465 3108 483 3132 1)
495 3108 627 3132 pertineret:
643 3107 672 3129 .4,·
686 3107 795 3131 pertinet:
810 3105 842 3125 CI)

192 3152 277 3177 Corpus
292 3153 334 3172 iur.
350 3158 399 3172 ean.
428 3151 464 3171 1⁷:11.
480 3151 597 3175 Frtcdhery.
625 3151 650 3170 T.
666 3151 694 3169 11.

401 255 507 283 SEXTI
526 255 737 282 DECRETAL.
757 255 822 283 LIB.
842 257 884 282 III.
904 256 973 282 TIT.
992 255 1123 282 VII-IX.
1144 256 1195 282 DE
1214 256 1334 283 REBUS
1354 256 1557 283 ECCLESIAE
1576 261 1628 283 etc.
1648 264 1671 282 c.
1694 264 1714 282 1.
1730 263 1752 282 2.

1967 253 2035 280 1042

1094 335 1281 368 praebendas,
1292 335 1401 361 etiamsi
1415 335 1565 369 episcopus
1579 334 1715 360 interesse
1725 333 1828 359 habeat
1842 332 1868 358 in
1882 331 2032 358 collatione

1095 369 1254 395 huiusmodi
1268 374 1297 395 ut
1311 370 1461 403 praelatus.
1498 370 1576 395 Idem
1593 369 1695 403 poterit
1709 369 1869 403 episcopus,
1888 367 1910 392 si
1924 366 2031 400 capitu-

1094 404 1150 429 lum
1163 405 1199 430 ab
1218 405 1278 438 ipsa
1296 405 1445 430 collatione
1464 404 1598 438 suspendi
1617 404 1774 436 contingat,
1792 402 1837 428 vel
1854 401 2032 435 singulariter

1095 447 1192 464 omnes
1215 439 1250 464 de
1273 439 1394 472 capitulo
1416 439 1529 464 maioris
1551 437 1845 464 excommunicationis
1862 436 1972 461 vinculo
1990 435 2030 460 in-

1094 473 1200 498 nodari.
1236 473 1258 506 ξ.
1276 482 1296 498 1.
1323 474 1415 506 Quum
1429 481 1495 499 vero
1513 473 1549 498 ad
1568 473 1659 498 solum
1673 473 1838 506 episcopum
1856 469 2030 505 praebenda-

1094 516 1154 533 rum
1172 512 1281 541 spectat
1304 508 1414 533 collatio
1433 516 1496 533 cum
1513 507 1628 533 consilio
1647 507 1689 532 sui
1708 506 1820 540 capituli
1837 505 1881 531 vel
1898 512 2029 530 assensu:

1094 542 1225 567 defuncto
1239 542 1375 576 episcopo
1388 542 1432 568 vel
1451 550 1603 575 suspense,
1622 541 1674 567 nisi
1693 541 1843 574 episcopus
1861 540 1888 565 in
1906 538 2030 573 petenda

1093 577 1264 602 relaxatione
1282 576 1473 610 suspensionis
1492 576 1651 601 huiusmodi
1670 576 1705 601 sit
1723 576 1749 601 in
1767 583 1859 605 mora,
1878 573 2031 608 capitulum

1093 619 1123 636 se
1146 619 1201 636 non
1224 616 1317 644 potest
1340 610 1525 636 intromittere
1544 611 1579 636 de
1597 610 1714 636 eisdem.
1750 609 1771 644 ξ.
1786 618 1809 635 2.
1835 609 1891 635 Ubi
1909 616 1976 634 vero
1994 607 2031 632 de

1094 645 1206 679 speciali
1229 646 1344 671 alicuius
1367 645 1503 671 ecclesiae
1525 644 1728 670 consuetudine
1750 644 1794 669 vel
1817 648 1921 669 statuto
1944 643 2029 668 bene-

1094 680 1219 705 ficiorum
1233 680 1344 705 collatio
1358 680 1394 705 ad
1411 680 1534 713 aliquem
1547 688 1610 704 cuni
1628 679 1743 704 consilio
1762 678 1889 712 episcopi
1907 677 2031 703 noscitur

1092 714 1245 748 pertinere:
1277 715 1388 740 sublato
1413 714 1548 747 episcopo
1574 713 1610 739 de
1634 713 1742 745 medio,
1773 721 1859 746 quum
1883 711 2030 737 consilium

1092 753 1214 782 nequeat
1229 753 1293 774 tunc
1307 749 1364 782 peti
1378 749 1413 774 ab
1425 756 1469 780 eo,
1482 756 1538 773 non
1549 749 1601 773 erit
1614 752 1730 781 propter
1743 748 1796 772 hoc
1806 746 1930 772 vacantis
1944 746 2030 771 bene—

1092 783 1145 808 ficii
1164 783 1275 808 collatio
1295 782 1464 815 differenda,
1481 790 1533 808 nec
1550 782 1648 814 etiam,
1667 782 1688 807 si
1707 782 1795 815 egerit
1814 782 1841 806 in
1854 781 1969 806 remotis
1982 780 2030 811 ita,

1092 817 1169 851 quod
1186 826 1243 842 non
1261 818 1351 851 possit
1368 817 1454 851 ipsius
1473 817 1632 850 praesentia
1650 817 1677 841 in
1694 816 1772 841 brevi
1790 815 1901 847 haberi,
1919 815 1984 849 quia
2002 814 2030 839 in

1091 852 1214 886 petendo
1229 853 1272 877 vel
1286 851 1478 886 exspectando
1497 852 1556 877 eius
1570 851 1686 877 consilio
1704 855 1801 884 posset
1817 850 1926 876 vacanti
1944 850 2029 875 bene-

1091 886 1153 912 ficio
1167 886 1321 920 periculum
1334 887 1487 912 imminere.

1409 982 1633 1011 TITULUS
1660 982 1709 1010 IX.

1117 1042 1173 1067 DE
1192 1041 1331 1067 REBUS
1350 1041 1588 1067 ECCLESIAE
1606 1040 1710 1066 NONl
1729 1039 2000 1066 ALIENANDIS.

1507 1110 1580 1129 CAP.
1595 1111 1612 1129 Ι.

1088 1146 1199 1170 Perpetua
1217 1145 1335 1168 alienatio.
1360 1145 1418 1164 facta
1436 1145 1464 1164 de
1483 1145 1548 1164 rebus
1567 1145 1676 1164 eeclesiae
1694 1144 1794 1163 vacantis
1813 1149 1858 1163 non
1882 1144 2030 1168 praecedento

1230 1173 1325 1190 tractatu
1336 1173 1358 1190 et
1367 1172 1416 1190 siue
1425 1171 1484 1190 iusta
1494 1177 1567 1194 causa,
1578 1176 1624 1189 nou
1634 1171 1700 1190 valet.
1727 1171 1806 1189 Ioann.
1817 1170 1886 1189 Andr.

1405 1212 1627 1239 Innocentius
1645 1213 1712 1238 IV.··²

1159 1256 1274 1282 Dudum
1288 1257 1332 1289 (El
1345 1256 1417 1288 infra
1423 1257 1441 1289 :)
1456 1256 1554 1282 Dictus
1565 1264 1631 1282 vero
1642 1255 1853 1282 archidiaconus
1864 1264 1897 1282 ex
1908 1255 2027 1281 adverso

1090 1291 1249 1325 respondit,
1272 1291 1332 1316 illas
1352 1291 1475 1317 decimas
1493 1291 1530 1316 illi
1553 1290 1689 1316 ecclesiae
1711 1291 1819 1316 restitui
1836 1299 1892 1316 non
1914 1291 2028 1322 debere,

1090 1326 1237 1360 proferens
1256 1326 1283 1350 in
1301 1326 1426 1351 medium
1443 1325 1648 1351 ordinationem
1666 1325 1807 1358 quandam
1821 1325 1946 1359 episcopi
1960 1325 2027 1350 Dul-

1090 1360 1229 1386 mensis1*
1252 1360 1287 1386 de
1305 1369 1444 1386 consensu
1462 1360 1575 1394 capituli
1597 1359 1639 1385 sui
1662 1359 1777 1391 factam,
1800 1360 1872 1385 inter
1893 1360 1947 1385 alia
1964 1368 2028 1385 con-

1091 1396 1235 1426 tinentem,
1249 1395 1326 1428 quod
1340 1395 1415 1420 idem
1429 1395 1589 1428 episcopus,
1603 1394 1762 1426 attendens,
1775 1399 1927 1428 proventus
1940 1394 2027 1420 archi-

1092 1429 1256 1455 diaconatus
1269 1429 1431 1455 Dulmensis
1445 1429 1517 1454 adeo
1536 1429 1596 1454 fore
1610 1433 1708 1454 tenues
1723 1433 1750 1454 et
1768 1429 1864 1461 exiles,
1883 1429 1960 1463 quod
1973 1437 2028 1454 non

1091 1464 1267 1490 sufficiebant
1281 1463 1317 1489 ad
1331 1463 1411 1489 eiusb
1425 1472 1511 1489 onera
1524 1463 1731 1497 supportanda,
1750 1463 1890 1497 praefatas
1905 1463 2028 1489 decimas

1091 1498 1327 1524 archidiaconatui
1338 1503 1493 1524 memorato
1505 1498 1652 1523 concessit.
1678 1498 1722 1530 (Et
1733 1497 1828 1530 infra:)
1843 1498 1915 1531 Quia
1927 1498 2029 1524 veroff*

1091 1533 1118 1558 in
1129 1533 1311 1558 concessione
1322 1532 1482 1558 huiusmodi
1493 1532 1637 1566 praedicta
1647 1532 1776 1564 ecclesia,
1788 1538 1891 1566 quumC
1905 1536 2027 1563 vacaret,

1090 1568 1216 1601 legitimo
1231 1567 1318 1593 caruit
1331 1567 1492 1599 defensore,
1511 1567 1557 1600 qui
1571 1567 1623 1592 sibi
1638 1567 1713 1600 prius
1728 1567 1763 1592 ab
1777 1567 1880 1592 eodem
1893 1567 2027 1600 episcopo

1092 1602 1228 1628 debuerat
1246 1602 1388 1635 deputari3
1414 1602 1480 1636 quia
1501 1602 1587 1627 etiam
1609 1606 1744 1626 tractatus
1762 1601 1884 1627 solennis
1904 1601 1951 1627 etd
1970 1601 2028 1626 dili-

1091 1645 1171 1670 gens,
1190 1637 1237 1670 qui
1252 1637 1279 1661 in
1293 1637 1394 1662 talibus
1409 1636 1637 1662 concessionibus
1656 1636 1799 1669 perpetuis
1814 1640 1842 1661 et
1855 1636 2028 1661 alienationi-

1090 1672 1142 1697 bus
1165 1680 1258 1697 rerum
1281 1671 1534 1696 ecclesiasticarum
1555 1670 1687 1703 exigitur,
1708 1678 1764 1696 non
1789 1670 1839 1695 fuit
1864 1671 1975 1696 habitus
2000 1671 2028 1695 in

1091 1705 1205 1731 eadem:
1231 1705 1435 1731 ordinationem
1454 1710 1481 1731 et
1499 1705 1712 1731 concessionem
1729 1705 1845 1738 ipsam3‚
1863 1705 2029 1738 praesertim

1091 1749 1177 1774 quum
1191 1740 1306 1766 evidens
1320 1740 1484 1772 necessitas,
1496 1748 1582 1773 quare
1592 1739 1651 1765 fieri
1662 1739 1788 1771 deberet,
1801 1740 1845 1765 vel
1856 1739 1959 1765 utilitas
1972 1748 2028 1764 non

1090 1775 1235 1807 subesset,
1261 1774 1296 1800 de
1318 1775 1435 1800 fratrum
1456 1779 1615 1800 nostrorum
1637 1774 1752 1799 consilio
1775 1773 1951 1800 decernimus
1973 1782 2030 1799 non

1090 1810 1193 1842 valere,
1212 1809 1301 1835 dictas
1320 1809 1444 1835 decimas
1462 1809 1515 1842 ipsi
1533 1808 1683 1840 ecclesiae,
1702 1813 1837 1842 tanquam
1854 1808 2029 1842 pertinentes

1089 1844 1126 1870 ad
1139 1853 1211 1877 eam,
1225 1844 1428 1870 sententialiter
1440 1843 1600 1869 adiudicare
1615 1848 1753 1869 curantes.

1505 1913 1577 1933 CAP.
1592 1913 1621 1932 11.

1090 1949 1166 1967 Primo
1179 1948 1283 1972 prohibet
1297 1948 1469 1967 submissionem
1485 1948 1638 1969 eeclesiarum.
1654 1953 1745 1966 suorum
1760 1947 1909 1967 immobilium
1920 1947 2030 1966 bonorum

1090 1975 1125 1993 vel
1136 1975 1217 1993 iuriuin
1232 1975 1281 1993 fieri
1296 1975 1359 1993 laicis
1370 1974 1453 1998 absque
1464 1980 1574 1993 consensu
1585 1974 1675 1997 capituli
1687 1976 1708 1993 et
1718 1974 1810 1993 lieentia
1819 1974 1899 1997 Papae.
1927 1974 2030 1993 Ser-undo

1090 2003 1161 2019 cassat
1181 2002 1320 2023 contractus,
1343 2006 1476 2024 quacunque
1499 2000 1603 2019 firmitate
1622 2000 1728 2023 vallatos,
1753 2002 1831 2018 eontra
1849 2000 1890 2018 hoc
1910 2000 1937 2018 «le
1956 2002 2031 2018 cetero

1089 2026 1214 2045 faciendos.
1241 2027 1317 2045 Tertio
1331 2027 1395 2050 punit
1409 2027 1520 2050 praelatos
1531 2028 1610 2045 eontra
1620 2026 1735 2049 facientes,
1751 2028 1772 2045 et
1783 2026 1878 2045 elericos
1889 2031 1933 2044 non
1944 2028 2030 2044 cuntra-

1090 2053 1198 2075 diceutes,
1213 2054 1235 2071 et
1249 2052 1326 2073 laicos,
1342 2053 1380 2076 qui
1394 2053 1454 2076 ipsos
1464 2052 1575 2076 praelatos
1585 2052 1612 2070 :id
1623 2052 1665 2070 hoe
1676 2052 1832 2075 compulerunt
1841 2052 1876 2070 vel
1888 2052 2030 2075 compellent.

1091 2078 1174 2101 Quarto
1194 2079 1308 2101 praecipit,
1328 2078 1397 2097 laicos
1416 2084 1456 2101 per
1469 2079 1524 2096 tales
1539 2079 1673 2100 contractusv
1693 2083 1719 2096 eo
1734 2083 1793 2100 casu,
1812 2083 1855 2101 quo
1870 2078 1953 2101 valent,
1974 2078 2031 2096 ultra.

1168 2104 1269 2123 debitum
1279 2109 1324 2122 non
1336 2109 1448 2128 usurpare,
1460 2105 1482 2123 et
1492 2109 1587 2127 poenam
1598 2104 1696 2127 apponit.
1724 2104 1752 2122 H.
1763 2104 1783 2122 d.
1794 2104 1873 2122 Ioaun.
1882 2104 1953 2122 Andr.

1092 2154 1280 2188 Gregorius
1299 2155 1352 2180 X.1
1371 2154 1403 2180 in
1423 2154 1571 2180 concilio
1590 2154 1764 2187 generali2
1782 2154 2030 2187 Lugdunensiss.

1161 2198 1222 2223 Hoc
1247 2197 1453 2223 consultissimo
1483 2197 1665 2231 prohibemus
1695 2197 1802 2229 edicto,
1833 2197 1977 2223 universos
2002 2201 2030 2223 et

1092 2233 1217 2266 singulos
1231 2233 1372 2266 praelatos
1387 2232 1520 2258 ecclesias
1534 2232 1587 2257 sibi
1601 2231 1775 2264 commissas,
1788 2232 1863 2257 bona
1876 2232 2030 2257 immobilia

1093 2275 1142 2293 seu
1156 2267 1215 2292 iura
1228 2267 1351 2300 ipsarum
1362 2266 1438 2292 laicis
1450 2266 1624 2299 submittere,
1638 2266 1796 2292 subiicereb
1810 2275 1859 2292 seu
1871 2274 2030 2300 supponere

1093 2302 1202 2335 absque
1224 2301 1337 2335 capituli
1360 2301 1401 2326 sui
1424 2309 1563 2327 consensu
1586 2306 1613 2327 et
1631 2301 1803 2335 apostolicae
1821 2301 1896 2327 sedis
1919 2300 2031 2326 licentia

1093 2336 1218 2370 speciali,
1231 2344 1286 2361 non
1300 2335 1482 2362 concedendo
1495 2336 1570 2361 bona
1582 2336 1644 2370 ipsa
1654 2336 1698 2361 vel
1711 2336 1770 2361 iura
1783 2336 1810 2361 in
1823 2335 2029 2369 emphyteusin,

1093 2379 1143 2396 seu
1156 2371 1224 2396 alias
1238 2370 1387 2396 alienando
1401 2370 1428 2396 in
1441 2370 1532 2396 forma
1545 2375 1573 2396 et
1587 2370 1698 2396 casibus
1711 2379 1728 2396 a
1741 2370 1799 2396 iure
1813 2370 1965 2403 permissis,
1979 2369 2030 2395 sed

1094 2405 1300 2437 constituendo,
1314 2405 1358 2430 vel
1371 2405 1617 2438 recognoscendo,
1634 2413 1684 2431 seu
1703 2404 1863 2438 profitendo
1877 2405 1912 2430 ab
1931 2404 1982 2429 illis
1996 2412 2031 2429 ea

1093 2445 1226 2473 tanquam
1244 2448 1260 2465 a
1277 2439 1469 2473 superioribus
1488 2448 1519 2466 se
1537 2445 1646 2472 tenere,
1665 2447 1714 2465 seu
1732 2439 1767 2465 ab
1782 2439 1849 2472 ipsis
1868 2438 1968 2464 eadem
1981 2438 2029 2463 ad-

1093 2474 1233 2506 vocando,
1259 2479 1341 2508 prout
1366 2474 1393 2499 in
1419 2475 1588 2508 quibusdam
1612 2474 1738 2508 partibus
1759 2473 1910 2506 vulgariter
1932 2473 2031 2498 dicitur

1093 2509 1266 2541 ,‚avolier3,“
1288 2509 1333 2534 vel
1352 2509 1427 2543 ipsos
1447 2513 1580 2543 patronos
1598 2509 1660 2534 velC
1678 2508 1831 2534 advocatos
1849 2507 2031 2533 ecclesiarum

1093 2552 1142 2569 seu
1161 2543 1299 2569 bonorum
1318 2543 1459 2577 ipsarum⁴
1477 2548 1614 2577 perpetuo
1633 2548 1679 2568 aut
1693 2542 1729 2568 ad
1748 2547 1858 2575 teinpus
1872 2550 1926 2567 non
1940 2541 2030 2567 modi-

1093 2587 1156 2604 cum
1169 2578 1330 2604 statuendo.
1368 2578 1534 2604 Contractus
1548 2583 1640 2603 autem
1655 2585 1763 2607 omnes,
1777 2577 1861 2602 etiam
1874 2576 2030 2608 iuramenti,

1093 2621 1202 2646 poenae
1218 2612 1264 2638 vel
1281 2612 1395 2638 alterius
1409 2613 1557 2638 cuiuslibet
1576 2612 1712 2637 firmitatis
1730 2611 1888 2637 adiectione
1902 2610 2030 2643 vallatos,

1094 2656 1165 2681 quos
1185 2647 1221 2673 de
1243 2647 1345 2673 talibus
1366 2647 1581 2674 alienationibus
1604 2646 1663 2672 sine
1687 2645 1847 2671 huiusmodi
1869 2645 1980 2671 licentia
2002 2649 2031 2671 et

1091 2750 1118 2784 b)
1131 2752 1218 2784 ipsius:
1231 2749 1283 2783 Ias
1738 2750 1766 2783 d)
1780 2755 1802 2774 et
1816 2750 1873 2774 dil.:
1891 2749 1970 2774 deest:
1984 2749 2032 2781 Ia,·

1091 2792 1127 2811 et:
1144 2786 1224 2811 deest:
1242 2785 1277 2818 If.

1338 2751 1361 2785 c)
1375 2761 1450 2785 quum
1464 2760 1514 2776 vac.
1526 2761 1531 2776 :
1548 2751 1628 2775 deest:
1642 2750 1673 2775 ib.

1160 2823 1230 2853 Cap.
1248 2822 1278 2846 11.
1319 2820 1342 2853 a)
1360 2829 1380 2845 e.
1400 2828 1439 2845 22.
1463 2821 1540 2845 Cone.
1563 2819 1640 2852 Luyrl.
1661 2821 1696 2844 ΙΙ,
1718 2818 1831 2852 (1274.);
1846 2832 1881 2837 —
1897 2818 1922 2843 in
1941 2818 2030 2852 Comp.

1092 2863 1113 2881 c.
1131 2863 1150 2880 1.
1166 2855 1188 2881 h.
1203 2860 1219 2881 t.
1290 2857 1317 2888 b)
1335 2856 1472 2880 subiacere:
1494 2854 1555 2880 Hah
1624 2853 1647 2887 c)
1665 2863 1718 2879 seu:
1742 2853 1817 2879 [labe

1144 2975 1197 2995 Tit.
1212 2976 1251 2996 tx.
1279 2975 1299 2999 1)
1309 2975 1345 2995 vel
1355 2981 1412 2995 non:
1428 2974 1465 2994 BE

1144 3003 1205 3026 Cap.
1220 3003 1238 3021 I.
1280 3003 1299 3025 l)
1310 3002 1480 3021 Dunelmensis:
1495 2999 1594 3021 ABDEF:
1612 2999 1770 3020 Duneliensis:
1785 2999 1801 3020 C
1812 3011 1836 3014 —
1850 2999 1869 3020 el
1882 3000 1913 3020 εἰς
1926 3000 2029 3027 deinceps.

1091 3028 1112 3053 2)
1123 3028 1181 3051 Quia
1191 3034 1254 3047 vero:
1270 3028 1337 3047 acrst:
1351 3026 1411 3046 Codd.
1423 3027 1469 3046 coll.
1481 3026 1492 3045 1
1543 3028 1563 3045 21
1575 3027 1654 3050 ipsius:
1670 3026 1710 3045 (lla

1117 3054 1179 3078 Cap.
1194 3054 1222 3073 11.
1259 3054 1279 3077 1)
1290 3054 1328 3072 X.:
1342 3053 1410 3072 dorsi:
1425 3052 1474 3071 ,ico
1540 3053 1560 3076 2)
1570 3058 1634 3076 goin:
1648 3052 1716 3072 dces&
1731 3051 1797 3071 Aeno*
1861 3052 1953 3073 3)αι1ι1..·
1962 3053 2030 3073 advo.

1091 3081 1136 3099 cari
1148 3081 1161 3099 i.
1173 3085 1204 3099 e.:
1218 3079 1247 3101 i,-
1261 3084 1356 3103 nnoyer:
1373 3078 1400 3101 Β,-
1414 3084 1521 3099 avocare:
1536 3077 1565 3102 D,·
1579 3084 1673 3099 avover:
1687 3077 1732 3101 EF,-
1745 3084 1833 3098 avenn:
1848 3079 1876 3101 G.-
1889 3084 1990 3100 avocent
2000 3079 2031 3100 Hc

1090 3105 1111 3130 Α)
1122 3107 1234 3130 ipsorum:
1249 3104 1356 3125 (munde.
