2243 3288
152 251 215 276 1291

154 326 366 353 communicatio
385 325 519 350 facienda.
556 325 613 349 Nos
631 328 726 350 autern
745 324 781 350 de
798 324 912 350 fratrum
925 329 1084 352 nostrorum

154 361 276 387 consilio.
299 359 479 391 iiiielligcndo
503 358 686 384 dioecesanos
709 364 737 384 et
754 358 934 417 inquisitores
953 364 1017 385 tunc
1036 361 1083 386 de-

154 404 226 421 mum
249 394 357 418 divisim
383 392 545 425 procedere,
571 401 655 426 quum
680 392 706 417 hi
729 397 757 418 et
781 393 788 418 i
802 393 818 418 li
843 393 1004 427 separatim,
1029 402 1084 420 non

154 428 264 462 quaudo
278 427 401 460 episcopi
416 432 531 458 tantum,
546 427 589 452 vel
608 426 786 460 inquisitores
800 431 907 452 tantum
920 428 1084 461 procedunt,

153 476 160 487 t
170 461 344 487 onsultationi
356 465 465 486 vestrae
475 460 630 486 brex·iter³·
642 461 854 494 respondemus,
862 461 1083 495 qnod,quando⁴

154 498 261 528 utrique
284 494 439 528 procedunt
461 495 618 527 seiunctim,
640 495 692 520 sibi
715 495 820 521 debent
842 495 869 520 in
891 495 945 522 fine
968 501 1084 529 tantum,

153 530 251 555 dumss'
273 529 339 554 nihil
362 534 447 554 restat
465 529 614 561 agendum,
633 529 685 554 nisi
704 529 780 562 quod
800 529 924 555 solumss‘
946 531 1084 556 sententia

154 563 353 597 promulgetur,
371 563 575 589 communicare
594 571 753 597 processus.
789 563 865 589 Licet
883 564 956 590 enini
971 565 1083 598 quibus-

153 599 216 623 dam
229 598 365 635 potuisset
376 597 479 623 rideri?
491 606 541 631 per
551 598 643 629 legem
654 597 772 629 cix-ilem,
784 598 870 631 quod,
880 598 959 630 sicut,
971 599 1083 632 quando

152 633 250 665 aliquis
262 639 294 656 ex
305 631 425 656 actitatis
437 640 530 657 coram
541 632 596 657 alio
607 632 691 657 debet
706 631 777 658 ferre
788 633 964 664 sententiam,
975 637 1083 667 utputa,

152 666 263 699 quaudo
276 665 485 691 administrator
496 666 607 699 delegat
621 666 767 691 causamss*
781 666 833 692 sibi
847 667 985 693 sententia
996 675 1083 693 reser-

151 706 224 728 vata,
247 700 345 725 saltem
368 700 395 724 in
419 700 564 738 principio,
586 700 614 725 id
636 706 679 726 est
704 701 917 732 contestatione,
940 710 1034 727 rursus
1057 701 1084 727 in

151 734 254 765 medio,
268 740 294 759 et
313 734 401 760 semel
418 742 445 759 in
463 734 526 766 fine,
541 743 613 767 quae
631 739 694 760 sunt
709 735 866 760 examinata
879 735 975 761 audire
989 736 1084 768 debet,

151 770 188 794 ita
201 775 228 794 et
243 769 268 793 in
282 776 347 793 casu
366 769 518 801 praesenti,
531 769 578 794 ubi
592 777 625 794 ex
643 769 711 794 actis
725 777 819 794 coram
831 769 886 794 alio
900 770 1002 795 habitis
1015 770 1085 796 alter

152 802 257 836 profert
275 803 452 834 sententiam,
467 803 506 827 sic
524 808 565 828 ter
582 803 741 828 huiusmodi
759 808 821 828 acta
839 809 995 836 recenseat,
1009 804 1085 837 quod

151 837 209 863 ticri
220 845 275 862 non
286 837 416 870 potest,si
429 845 525 862 eorum
537 837 691 870 denegetur
701 837 800 863 editio:
815 842 908 863 tamen
919 838 946 863 id
956 839 1084 872 aequitas

151 879 288 896 canonum
302 879 356 896 non
370 871 491 896 admisit.
518 872 611 897 Unum
625 879 691 897 sane
705 879 800 896 casum
811 872 973 905 excipimus,
984 873 1006 897 si
1015 873 1085 898 alter

150 905 299 931 commode
312 913 367 930 non
381 906 470 939 possit
484 905 647 939 procedere,
660 906 712 931 nisi
725 906 838 931 alterius
852 907 920 932 actis
934 907 1010 932 visis.
1043 907 1084 932 Ex

149 940 202 965 hac
215 940 288 965 enim
299 947 382 965 eausa
394 940 482 965 semel
495 945 610 971 tantum,
622 944 651 965 ut
664 939 754 965 fraudi
769 940 846 965 locus
857 949 912 966 non
926 941 972 966 fiat
986 941 1013 966 in
1025 945 1083 966 toto

150 973 265 1007 negotio
287 974 369 1007 copia
391 974 535 999 tribuatur.
571 975 676 1000 Verum
696 974 759 1008 quia
781 975 906 1000 nonnulli
925 975 1083 1001 dioecesani

150 1013 259 1042 partem
297 1008 362 1033 artis
381 1014 565 1042 proventuum
584 1008 618 1034 de
636 1008 842 1034 haereticorum
864 1009 945 1034 bonis
969 1009 1084 1043 inquisi-

150 1042 233 1067 tionis
251 1050 267 1067 ο
282 1042 343 1067 ficio
362 1042 514 1076 deputatae
532 1047 646 1076 propter
663 1051 809 1076 expensas,
824 1051 903 1076 quas,
917 1043 982 1069 dum
996 1044 1084 1077 inqui-

151 1082 224 1107 runt,
238 1076 264 1101 in
278 1084 363 1110 saepe
376 1076 451 1102 dicto
465 1077 580 1109 negotio
594 1077 706 1109 faciunt,
720 1085 736 1102 a
749 1078 829 1103 vobis
843 1078 954 1110 exigere
968 1078 1084 1103 moliun-

150 1116 206 1136 tur:
217 1111 279 1142 hoc,
287 1116 419 1144 tanquam
429 1111 479 1136 iuri
489 1112 635 1142 absonum,
643 1113 738 1145 (quum
749 1111 881 1137 ordinarii
893 1112 1085 1146 sint,ideoque

151 1145 273 1170 officium
287 1145 352 1176 tale,
364 1145 440 1178 quod
454 1145 494 1171 eis
506 1146 648 1177 incumbit,
660 1146 778 1180 propriis
789 1154 839 1172 eos
850 1151 961 1180 oportet
972 1147 1086 1180 explere

151 1179 316 1212 stipendiis.)
329 1179 386 1205 fieri
397 1180 508 1213 penitus
519 1180 708 1213 prohibemus.
734 1180 881 1206 Rationem
892 1185 986 1206 autem
999 1181 1085 1206 iidem

151 1213 310 1239 dioecesani
324 1219 518 1247 proventuum,
533 1215 731 1240 obventionum
746 1223 778 1240 ex
792 1215 978 1248 inquisitionis
992 1215 1084 1241 officio

151 1256 167 1273 a
180 1248 269 1279 vobis,
283 1256 338 1273 non
352 1248 481 1274 obstante
494 1249 587 1282 aliqua
605 1249 812 1281 constitutione,
827 1249 1028 1275 consuetudine
1042 1250 1085 1275 vel

151 1282 282 1307 mandato
294 1282 446 1314 contrariis,
456 1291 511 1308 non
522 1283 741 1316 exposcant,sed
752 1291 814 1309 eam
825 1292 953 1309 camerae
964 1288 1085 1316 nostrae,

150 1317 194 1342 vel
216 1317 271 1347 alii,
290 1316 332 1341 cui
354 1325 405 1342 nos
427 1317 471 1342 vel
493 1325 671 1343 successores
694 1318 780 1343 nostri
798 1317 917 1343 Romani
936 1318 1085 1344 Pontifices

151 1350 409 1376 mandaverimusffl
428 1351 610 1384 reddendam,
623 1351 757 1384 reddatis,
771 1360 844 1386 quae
856 1352 1025 1385 generaliter
1038 1352 1086 1378 ob-

151 1385 255 1411 servari
268 1385 404 1411 iubemus.

553 1438 569 1457 (¹.
576 1438 593 1457 Α
601 1439 625 1457 P.
640 1439 668 1457 11.
676 1438 683 1451 ¹

150 1472 205 1490 Tres
216 1476 303 1490 errores
313 1472 413 1496 magistri
424 1472 515 1491 loannis
526 1472 553 1491 de
560 1473 650 1492 Peliaco
657 1473 894 1492 doctoris-parisiensis
904 1473 938 1492 his
944 1473 1086 1493 damnantur.

494 1515 634 1540 loannes
653 1515 740 1540 XXII.

220 1556 275 1581 Vas
294 1556 448 1588 electionis,
462 1556 560 1582 doctor
575 1557 691 1583 eximius
708 1562 737 1584 et
750 1557 881 1591 egregius
899 1557 1084 1592 praedicator,

148 1591 225 1616 cuius
239 1590 409 1624 praedicatio
428 1591 563 1617 mundum
577 1591 671 1617 docuit
688 1592 858 1624 universum,
871 1597 1084 1626 praesumptuo-

149 1634 210 1651 sam
228 1625 337 1650 illorum
359 1625 505 1651 audaciam
523 1625 664 1652 refrenare
682 1626 826 1658 sollicitus,
845 1627 901 1660 qui,
919 1626 1084 1660 prudentiae

149 1660 278 1693 propriae
296 1659 457 1691 innitentes,
475 1660 501 1685 in
519 1669 627 1686 errores
645 1661 806 1694 proprios-'⁹
824 1661 1016 1694 prolabuntur,
1029 1669 1084 1686 non

151 1694 212 1728 plus
238 1702 348 1727 sapere,
371 1702 454 1727 quam
479 1696 608 1728 oportet³⁵
632 1703 741 1728 sapere,
766 1695 817 1721 sed
841 1695 877 1720 ad
903 1695 1084 1721 sobrietatem

150 1736 249 1762 sapere
271 1728 372 1753 salubri
396 1728 522 1754 doctrina
540 1729 691 1762 suggessit,
708 1729 754 1754 et⁴
772 1729 848 1754 iuxta
870 1729 1009 1763 Sapientis
1027 1730 1083 1755 elo—

153 1762 277 1796 quium-¹³:
300 1762 450 1796 „Quisque
468 1771 535 1789 suae
553 1763 719 1797 prudentiae
733 1763 847 1789 modum
861 1765 975 1797 ponat.“
1011 1764 1083 1789 Sane

151 1797 271 1829 dudum,
302 1805 388 1830 quum
417 1797 550 1823 dilectum
580 1797 666 1823 filium
694 1798 858 1831 magistrum
888 1799 1020 1823 Ioannem
1049 1797 1084 1823 de

150 1831 259 1856 poliaco
285 1839 381 1856 sacrae
405 1831 564 1864 theologiae
594 1831 738 1857 doctorem
767 1832 849 1857 certis
874 1840 907 1857 ex
933 1832 1024 1857 causis
1049 1832 1084 1858 de

149 1865 265 1890 fratrum
286 1870 445 1890 nostrorum
467 1865 582 1891 consilio
601 1865 637 1890 ad
654 1870 778 1891 nostram
797 1866 985 1899 praesentiam
1002 1874 1083 1891 voea—

148 1900 295 1930 vissemus,
309 1899 365 1925 fide
379 1899 463 1932 digna
481 1899 577 1925 relatio
595 1899 630 1924 ad
648 1904 774 1926 nostrum
792 1900 937 1933 perduxitss
949 1900 1084 1932 auditum,

150 1934 226 1967 quod
246 1933 305 1967 ipse
323 1933 349 1958 in
368 1933 535 1967 quibusdam
554 1933 686 1966 articulis,
700 1934 878 1967 tangentibus
893 1934 1084 1968 poenitentiae

148 1973 362 1999 sacramentum,
388 1976 444 1993 non
471 1968 573 2000 sobrie,
600 1968 649 1994 sed
675 1977 825 2002 perperam
850 1968 988 2002 sapiebat,
1014 1969 1085 1994 infra

149 2003 268 2035 scriptos
286 2002 426 2033 articulos,
449 2002 622 2035 periculosos
645 2003 819 2028 continentes
838 2011 956 2035 errores,
978 2003 1083 2029 docens

150 2037 260 2070 publice
275 2036 301 2061 in
315 2036 371 2061 suis
389 2036 645 2069 praedicationibus
659 2042 686 2062 et
703 2037 730 2062 in
744 2037 856 2062 scholis.
892 2037 983 2062 Primo
998 2037 1083 2071 siqui-

149 2071 212 2096 dem
223 2070 381 2101 adstruens,
393 2070 469 2103 quod
480 2071 600 2096 confessi
613 2071 753 2103 fratribus,
764 2071 933 2097 habentibus
943 2071 1083 2097 licentiam

148 2105 307 2137 generalem
326 2104 458 2130 audiendi
477 2105 678 2137 consessiones,
693 2110 823 2131 tenentur
840 2105 940 2131 eadem
958 2110 1083 2139 peccata,

149 2148 221 2173 quae
241 2139 361 2164 confessi
383 2139 518 2171 fuerantT,
537 2140 637 2165 iterum
654 2139 778 2166 confiteri
801 2140 915 2174 proprio
934 2140 1083 2166 sacerdoti.

150 2173 289 2204 Secundo,
304 2173 380 2207 quod
394 2173 518 2199 stantess·
541 2174 661 2206 „Omnis
675 2174 819 2208 utriusque
834 2176 939 2200 sexus“
957 2174 1083 2200 edictos'*

149 2209 175 2234 in
193 2208 310 2233 concilio
333 2208 465 2239 generali,
480 2208 622 2233 Romanus
640 2209 766 2234 Pontifex
787 2217 843 2234 non
866 2213 961 2242 potest
981 2208 1083 2241 facere,

149 2242 225 2276 quod
239 2241 399 2275 parochiani
412 2250 468 2267 non
487 2247 633 2267 teneantur
647 2243 740 2268 omnia
758 2248 874 2276 peccata
892 2252 943 2269 sua
955 2243 1043 2269 semel
1056 2244 1083 2269 in

149 2285 223 2302 anno
241 2276 354 2310 proprio
372 2276 510 2301 sacerdoti
529 2277 663 2309 confiteri,
678 2286 762 2310 quem
780 2277 846 2302 dicit
859 2286 922 2303 esse
940 2277 1083 2311 parochia—

151 2311 206 2336 lem
225 2315 360 2336 curatum.
397 2311 492 2341 Immo,
511 2319 562 2336 nec
575 2311 652 2336 Deus
671 2316 767 2344 posset
785 2311 837 2337 hoc
851 2311 953 2343 facere,
968 2312 1042 2345 quia,
1056 2316 1084 2337 ut

150 2345 289 2376 dicebant,
303 2344 426 2378 implicat
440 2345 698 2370 contradictionem.
731 2346 836 2378 Tertio,
851 2346 927 2379 quod
940 2347 1016 2379 Papa
1029 2354 1084 2371 non

148 2384 243 2413 potest
253 2379 320 2404 dare
332 2383 502 2412 potestatem
513 2380 673 2411 generalem
684 2380 814 2406 audiendi
827 2380 1084 2413 confessionemW,

151 2415 234 2439 immo
253 2421 304 2438 nec
321 2414 408 2444 Deus,
425 2413 491 2446 quin
509 2413 654 2439 confessus
673 2414 785 2439 habenti
804 2414 971 2440 licentiamll
990 2419 1083 2441 tenea-

149 2450 239 2473 tur12‘
258 2447 357 2473 eadem
375 2447 500 2472 confiteri
519 2449 631 2485 proprio
641 2448 663 2465 13
680 2449 828 2479 sacerdoti,
843 2457 926 2482 quem
942 2449 1008 2474 dicit
1022 2457 1084 2475 esse

150 2484 189 2515 (sut
212 2481 407 2515 praemittitur)
431 2483 619 2515 proprmmll*
645 2488 778 2508 curatum.
815 2484 873 2508 Nos
899 2483 991 2516 igitur,
1015 2483 1084 2509 scire

150 2517 286 2547 volentes,
300 2516 321 2540 si
336 2521 470 2549 suggesta
487 2516 568 2541 nobis
587 2516 733 2542 veritatem
747 2517 892 2549 haberent,
905 2517 1083 2543 articulorum

150 2551 367 2584 praemissorum
389 2550 497 2583 copiam
520 2550 612 2576 eidem
633 2551 767 2583 magistro
786 2551 878 2576 loanni
902 2551 1018 2577 fecimus
1041 2560 1084 2577 as-

150 2585 261 2617 signari,
275 2590 302 2609 et
316 2584 351 2610 ad
366 2585 406 2609 sui
422 2584 616 2610 defensionem
630 2585 741 2618 plenam
755 2585 925 2611 audientiam
939 2586 991 2611 sibi
1006 2595 1083 2619 prae-

150 2620 259 2644 buimus
274 2624 330 2644 tam
345 2619 370 2643 in
384 2624 478 2644 nostra
492 2624 519 2644 et
537 2619 697 2644 fratrumffi’
716 2625 872 2644 nostrorum
886 2620 1045 2653 praesentia
1058 2620 1083 2645 in

150 2653 325 2684 consistorio,
344 2661 427 2686 quam
444 2653 512 2678 alias
531 2661 625 2678 coram
643 2653 783 2687 aliquibus
801 2662 834 2679 ex
853 2654 920 2687 ipsis
943 2654 1084 2686 fratribus,

150 2696 200 2721 per
218 2696 269 2713 nos
291 2687 327 2712 ad
349 2687 507 2712 huiusmodi
531 2687 683 2713 officiumffi
705 2687 856 2721 deputatis.
894 2689 997 2714 Verum
1019 2689 1084 2714 licet

149 2722 292 2755 praefatus
309 2722 443 2755 magister
461 2721 551 2747 dictos
565 2721 695 2748 articulos
711 2726 739 2748 et
757 2726 888 2748 contenta
906 2723 931 2747 in
951 2723 1018 2756 ipsis
1037 2723 1084 2749 de-

200 2817 252 2834 Tit.
268 2816 298 2834 ΠΙ
326 2816 388 2840 Cap.
403 2816 419 2834 1.
446 2817 467 2834 ὃν
477 2816 564 2835 taliter:
579 2815 641 2835 codd.
651 2816 697 2835 coll.
725 2816 941 2840 4)quandoeunque:
956 2817 1002 2836 My)
1029 2816 1050 2840 5)
1061 2817 1083 2836 iu

149 2842 191 2860 rssne
203 2842 254 2860 dnm
265 2845 350 2860 tamen:
367 2842 427 2860 (50er
439 2842 484 2860 coll,
530 2845 549 2864 G)
561 2842 612 2861 soh:
627 2842 694 2861 dost:
708 2842 734 2861 ib.
775 2844 795 2866 ἵ)
805 2842 930 2866 provideri:
944 2842 977 2861 AC
1014 2843 1034 2865 8)
1045 2843 1083 2862 alii

150 2874 154 2882 r
164 2873 249 2886 ausam:
264 2867 331 2886 ACGN
368 2868 388 2889 ss)
399 2868 565 2886 mandaremus:
580 2868 640 2886 L'mltl,
651 2867 697 2887 coll.

201 2894 261 2916 ‘'ap.
278 2894 302 2911 ΙΙ.
332 2896 350 2915 1)
362 2892 410 2913 EJI:
420 2904 438 2906 —
447 2893 540 2912 Monuni.
553 2893 614 2912 [loica
624 2894 722 2916 XXXIX,
735 2895 778 2913 ΠΤ.
806 2893 827 2917 ie)
837 2894 923 2913 varios:
937 2892 956 2911 Ε
964 2893 1019 2912 Mon.
1028 2893 1083 2913 Itoir.

151 2921 161 2934 ἰ.
182 2922 291 2941 ’φιτῐυῑικ
308 2918 356 2939 HM,-
372 2925 429 2942 sap.:
444 2919 511 2937 rlltaft
526 2919 581 2938 Jlun.
593 2919 648 2938 Ilmr,
702 2921 723 2943 4)
733 2922 767 2938 ut:
783 2919 838 2938 Mon.
850 2919 906 2938 Itmc.
959 2920 979 2942 5)
990 2919 1082 2938 Proin-b.

152 2944 230 2962 xxm.
243 2946 260 2961 -1,
322 2947 333 2963 t}
353 2946 467 2967 produxit:
483 2944 538 2963 illoti.
550 2945 606 2963 llm'c.
669 2946 688 2969 7)
700 2946 800 2964 fuerunt:
815 2945 854 2964 EJl
916 2945 937 2964 8)
948 2946 1042 2963 statuto:
1057 2945 1084 2963 ili.

154 2968 197 2985 Mur«
302 2972 322 2991 ‘Ji
334 2971 402 2988 edito:
419 2970 543 2993 ilt.:jrs.r.
552 2973 582 2990 lte.
594 2971 619 2989 Χ.
630 2970 653 2987 d(
662 2975 723 2995 poen.
734 2972 761 2993 (ὅ,
772 2972 813 2992 us.)
842 2972 873 2993 10)
884 2970 1047 2989 confessiones:
1058 2971 1084 2989 ib.

196 3003 198 3006 v
238 3008 242 3011 .
284 2996 408 3014 moralem:
424 2996 478 3014 Jlmi.
491 2996 545 3014 ltmr.
575 2998 607 3015 Ιςι,ι
618 2996 679 3015 eald..-
693 2998 786 3016 iteruin:
801 2996 882 3015 EJlrm.
893 2996 948 3015 ltm‘c.
981 2997 1013 3019 13)
1024 2996 1085 3014 add-t

154 3024 202 3035 =uoz
219 3019 239 3036 J!
323 3026 339 3038 r..
420 3023 451 3041 Η)
462 3022 624 3043 parochialem:
640 3022 658 3040 E
666 3021 721 3040 Mon.
733 3022 803 3042 litut..-
822 3022 884 3040 ml‘l.:
899 3021 1049 3041 sacerdotem:
1065 3021 1087 3040 M

154 3044 176 3061 15
197 3044 258 3061 ¹1‘l‘I.:
273 3046 394 3064 vinetorum:
409 3046 447 3064 EM
457 3046 511 3065 Mon.
523 3047 578 3066 lmr.

154 3074 221 3091 qaae:
236 3070 260 3087 ιι.
328 3073 359 3093 13)
370 3071 455 3094 plures:
471 3072 496 3090 ὥ.

641 3049 673 3067 16³
685 3048 733 3066 effi:
748 3047 816 3066 duest:
831 3047 886 3067 Mon.
897 3047 953 3066 Boio.
1017 3047 1048 3069 17)
1059 3053 1085 3066 ea

563 3075 594 3096 11⁶)
607 3073 791 3092 collocutionem:
805 3073 824 3092 E
882 3074 915 3097 20)
925 3075 947 3092 et
957 3078 1004 3093 ex.:
1019 3072 1085 3093 dcc-st:
1100 3084 1104 3096 2

525 248 738 274 EXTRAVAG.
759 247 931 274 COMMUN.
950 247 1016 276 LIB.
1036 249 1070 276 V.
1089 249 1158 276 TIT.
1177 250 1220 276 111.
1238 249 1290 275 DE
1308 248 1539 276 HAERETICIS.
1558 257 1581 276 c.
1601 257 1625 276 2.
1643 258 1668 282 3.

1982 248 2049 275 1292

1119 327 1234 353 fendere
1251 326 1397 352 niteretur:
1419 326 1563 352 asserebat
1581 330 1683 359 tamen,
1701 335 1731 353 se
1749 330 1876 361 paratum
1894 325 2008 352 credere
2021 330 2049 352 et

1119 366 1215 388 tenere
1237 361 1264 386 in
1286 360 1446 395 praemissis
1468 364 1495 386 et
1514 359 1583 391 aliis,
1603 360 1703 393 quae17
1722 361 1843 387 tenenda
1861 364 1887 386 et
1909 359 2050 385 credenda

1119 403 1182 422 esse
1204 395 1287 422 sedes
1312 394 1465 428 apostolica
1490 393 1627 420 definiret.
1663 394 1719 420 Nos
1745 395 1836 428 igitur,
1860 393 2049 426 attendentes,

1141 430 1196 455 uod
1224 429 1430 463 praedictorum
1459 428 1638 453 articulorum
1666 429 1797 461 assertio,
1827 428 1996 463 praedicatio
2022 432 2050 454 et

1120 437 1246 489 doctrina
1259 463 1416 490 redundare
1429 466 1558 496 poterant
1576 462 1602 487 in
1620 462 1767 488 multarum
1784 463 1934 497 perniciem
1947 462 2049 488 anima-

1119 506 1187 528 rum,
1202 498 1278 531 ipsos
1292 506 1341 531 per
1354 496 1523 530 praelatos¹⁸
1535 495 1684 529 magistros
1698 496 1724 521 in
1741 497 1883 530 theologia
1900 497 2050 522 examinari

1119 531 1234 558 fecimus
1262 532 1416 565 diligenter.
1453 531 1511 556 Nos
1537 530 1590 563 ipsi
1615 531 1700 556 etiam
1724 538 1787 556 cum
1811 531 1891 557 dictis
1916 531 2048 556 fratribus

1119 566 1221 592 nostris
1239 566 1445 591 collationemffl
1467 565 1609 590 sollertem
1626 569 1654 591 et
1671 564 1932 591 examinationem20
1953 565 2048 590 habui-

1119 608 1180 625 mus
1194 608 1277 633 super
1289 601 1341 625 his.
1367 600 1419 625 Per
1430 607 1499 632 quas
1513 598 1627 632 quidem
1640 598 1818 624 collationem
1831 603 1858 624 et
1871 599 2048 625 examinatio-

1119 642 1184 659 nem
1201 642 1286 668 super
1302 634 1373 659 his2¹
1392 633 1500 659 habitas
1519 632 1714 666 comperimus,
1732 633 1900 666 praemissos
1918 633 2048 659 articulos

1121 668 1275 694 doctrinam
1292 677 1346 694 non
1364 676 1468 700 sanam,
1486 667 1537 693 sed
1559 667 1743 700 periculosam
1760 667 1877 692 multum
1893 671 1921 693 et
1942 667 2050 693 veritati

1121 702 1287 728 contrariam
1304 702 1456 728 continere.
1492 702 1569 734 Quos
1587 701 1671 727 etiam
1687 701 1818 726 articulos
1837 709 1933 727 omnes
1951 706 1979 727 et
1996 701 2050 727 sin-

1119 736 1199 769 gulos
1217 736 1293 762 idem
1310 737 1443 769 magister
1461 737 1587 767 Ioannes,
1600 735 1672 761 veris
1691 735 1743 760 sibi
1760 735 1913 760 rationibus
1927 735 2049 769 opinioni

1121 770 1226 796 dudum
1244 779 1311 796 suae
1328 770 1441 796 habitae
1459 769 1602 795 contrariis
1621 769 1828 801 demonstratis,
1841 769 1869 794 in
1886 769 2050 795 consistorio

1120 805 1269 837 revocavit,
1282 813 1420 837 asserens,
1434 812 1464 830 se
1482 804 1606 835 credere,
1619 812 1669 829 eos
1686 811 1741 829 non
1758 811 1850 835 veros,
1863 803 1914 829 sed
1927 802 2051 837 ipsorum

1120 838 1289 864 contrarium
1307 847 1402 864 verum
1421 846 1492 871 esse,
1511 843 1539 864 et
1561 838 1703 864 dicens—'‘u’‘
1726 846 1756 863 se
1774 837 1883 863 nescire
1900 838 2051 864 rationibus

1120 873 1172 898 sibi
1186 872 1266 898 factis
1280 872 1307 897 in
1321 873 1489 898 contrarium
1502 872 1683 906 respondere.
1708 872 1842 906 Ideoque,
1852 880 1888 897 ne
1901 880 1950 905 per
1963 880 2052 898 asser-

1120 906 1234 938 tionem,
1247 907 1485 940 praedicationem
1499 911 1526 932 et
1544 906 1699 932 doctrinam
1716 905 1876 932 huiusmodi
1889 905 1916 931 in
1930 914 2052 932 errorem

1121 940 1208 974 (quod
1230 940 1313 973 absit)
1336 941 1445 966 animae
1467 941 1633 975 simplicium
1657 941 1847 974 prolabantur,
1868 948 1965 966 omnes
1989 940 2052 966 arti-

1120 975 1227 1000 ςυΙοε2ζί
1244 979 1272 1000 et
1289 975 1443 1008 quemlibet
1460 975 1601 1000 eorum'24*
1624 979 1757 1009 tanquam
1774 975 1859 1000 falsos
1873 978 1901 1000 et
1918 982 2051 1000 erroneos

1120 1013 1148 1035 et
1172 1018 1188 1034 a
1214 1009 1340 1034 doctrina
1365 1009 1472 1034 sacra25
1497 1009 1593 1035 devios
1618 1009 1783 1035 auctoritate
1808 1008 1963 1042 apostolica
1987 1016 2052 1034 con-

1121 1043 1331 1069 demnamus-¹⁶*
1349 1047 1376 1069 et
1393 1043 1576 1076 reprobamus
1594 1043 1630 1069 de
1647 1043 1762 1069 fratrum
1779 1043 1967 1069 nostrorum²⁷
1988 1050 2052 1068 con-

1121 1077 1182 1103 silio
1195 1077 1412 1111 praedictorum,
1426 1077 1579 1103 doctrinam
1592 1077 1789 1103 conti-ariam28
1801 1078 1933 1110 veram29,
1947 1081 1974 1103 et
1987 1085 2052 1103 con-

1122 1112 1235 1137 trarium
1257 1120 1321 1138 esse
1339 1111 1507 1137 catholicum
1528 1116 1696 1145 asserentes,
1714 1112 1828 1144 scilicet,
1847 1111 1923 1145 quod
1941 1111 1987 1143 illi,
2005 1111 2053 1145 qui

1120 1146 1270 1180 praedictis
1284 1146 1415 1171 fratribus
1429 1145 1602 1178 confitentur,
1614 1154 1670 1171 non
1687 1146 1775 1179 magis
1793 1150 1940 1172 teneantur
1953 1145 2054 1171 eadem

1121 1185 1237 1214 peccata
1250 1180 1375 1206 confiteri
1389 1180 1498 1212 iterum,
1510 1188 1594 1213 quarn
1604 1180 1627 1205 si
1641 1179 1705 1205 ea3⁰
1717 1181 1785 1206 alias
1799 1179 1920 1206 confessi
1934 1179 2053 1206 fuissent

1121 1223 1217 1241 eorum
1231 1214 1344 1248 proprio
1357 1214 1498 1240 sacerdoti
1514 1214 1589 1240 iuxta
1606 1213 1753 1239 concilium
1770 1214 1910 1247 generale.
1946 1214 1970 1240 O
1993 1218 2052 1239 tan-

1121 1250 1278 1283 tesque2⁵¹*,
1297 1248 1421 1275 veritatis
1443 1248 1501 1274 vias
1522 1252 1603 1274 notas
1626 1256 1690 1274 esse
1711 1248 1840 1274 fidelibus
1862 1248 2006 1280 cunctis·2‚
2025 1252 2054 1274 et

1121 1283 1271 1317 praedietis
1286 1283 1425 1309 erroribus
1439 1282 1621 1316 praecludere
1633 1282 1748 1314 aditum,
1761 1290 1796 1308 ne
1809 1282 1966 1308 subintrent
1978 1290 2052 1308 erro-

1120 1326 1174 1350 res,
1197 1317 1284 1343 felicis
1309 1317 1510 1343 recordationis
1535 1316 1687 1342 Alexandri
1709 1317 1754 1342 IV.
1779 1320 1808 1342 et
1832 1316 1984 1342 Clementis
2006 1316 2053 1342 IV.

1121 1353 1311 1378 Romanorum
1321 1352 1484 1377 Pontificum
1497 1351 1746 1385 praedecessorum
1759 1354 1918 1376 nostrorum
1927 1350 2054 1384 vestigiis

1121 1386 1322 1419 innitendo33*‚
1339 1386 1475 1412 universis
1493 1390 1521 1412 et
1533 1385 1649 1419 singulis
1667 1385 1819 1411 districtius
1837 1384 2005 1417 inhibemus,
2017 1393 2054 1411 ne

1122 1421 1271 1454 quisquam
1292 1420 1461 1455 praemissos
1483 1420 1623 1451 articulos,
1646 1428 1696 1453 per
1717 1427 1768 1445 nos
1795 1420 1836 1452 (ut
1857 1419 2053 1453 praemittitur)

1121 1455 1270 1481 damnatos
1289 1455 1346 1481 et3⁴
1363 1455 1539 1489 reprobatos,
1557 1454 1631 1480 et35*
1653 1458 1784 1480 contenta
1800 1454 1827 1479 in
1845 1454 1885 1479 eis
1898 1453 1942 1479 vel
1959 1453 2054 1487 aliquo

1121 1490 1255 1523 ipsorum,
1278 1494 1375 1523 utpote
1397 1498 1414 1515 a
1435 1488 1578 1515 catholicis
1604 1488 1744 1514 mentibus
1768 1487 1937 1521 respuenda,
1958 1492 2055 1514 tenere

1120 1524 1233 1556 audeat,
1247 1532 1297 1550 seu
1315 1523 1463 1549 defensare
1481 1522 1695 1557 quomodolibet
1707 1522 1753 1548 vel
1770 1522 1881 1548 docere.
1918 1522 2055 1555 Quocirca

1121 1558 1293 1584 universitati
1313 1562 1425 1584 vestrae
1451 1566 1501 1592 per
1521 1557 1676 1591 apostolica
1697 1557 1801 1591 scripta
1824 1555 2054 1590 praecipiendo-‘³⁶

1120 1593 1294 1625 mandamus,
1309 1597 1446 1626 quatenus
1460 1591 1625 1618 universis³⁷
1643 1596 1670 1617 et
1684 1591 1799 1624 singulis
1813 1595 1936 1617 vestrum
1948 1590 1977 1616 in
1990 1590 2054 1616 civi-

1120 1627 1223 1652 tatibus
1241 1631 1269 1653 et
1287 1627 1465 1653 dioecesibus
1483 1627 1592 1658 vestris,
1610 1630 1764 1651 convocato
1782 1625 1855 1651 clero
1873 1624 1930 1651 et³8
1949 1625 2053 1659 populo

1120 1661 1313 1693 communiter,
1331 1661 1425 1686 omnia
1446 1660 1602 1695 praemissa
1620 1665 1647 1686 et
1665 1660 1774 1693 singula
1790 1668 1841 1694 per
1858 1667 1907 1685 vos
1922 1668 1971 1685 seu
1984 1659 2053 1685 alios

1120 1696 1272 1721 solenniter
1297 1695 1454 1729 publicetis.
1490 1696 1548 1721 Nos
1573 1695 1657 1721 etiarn
1681 1694 1776 1720 eidem
1799 1694 1933 1727 magistro
1958 1693 2054 1719 Ioanni

1120 1729 1325 1761 mandamusffl',
1344 1729 1421 1763 quod
1443 1729 1470 1754 in
1492 1729 1595 1755 scholis
1617 1733 1646 1754 et
1667 1728 1825 1754 sermone40
1845 1728 1956 1754 Parisiis
1974 1736 2054 1762 prae-

1121 1764 1209 1790 dictos
1231 1763 1363 1790 articulos
1386 1768 1414 1790 et
1435 1768 1566 1790 contenta
1588 1764 1615 1789 in
1639 1763 1689 1795 eis,
1708 1768 1841 1796 tanquam
1861 1762 1972 1789 veritati
1989 1770 2054 1788 con-

1120 1799 1213 1831 traria,
1242 1798 1372 1832 propriae
1401 1798 1477 1823 vocis
1507 1798 1618 1823 oraculo
1648 1797 1885 1823 asseverationem
1915 1796 2054 1822 constanti

1120 1833 1230 1865 publice
1245 1832 1347 1858 debeat
1365 1840 1506 1864 revocare,
1520 1832 1596 1865 quod
1611 1839 1641 1857 se
1659 1831 1796 1857 facturum
1814 1831 1904 1857 dictus
1918 1831 2054 1864 magister

1120 1868 1236 1892 Ioannes
1262 1866 1413 1892 efficaciter
1437 1865 1605 1900 repromisit.
1641 1866 1746 1891 Datum
1766 1865 1848 1891 Avin.
1869 1865 1969 1891 VIII-‘²2
1990 1865 2052 1891 Kal.

1119 1901 1203 1934 Aug„
1216 1901 1295 1926 Pont.
1309 1900 1396 1926 nostri
1409 1900 1463 1926 Ao.
1476 1901 1509 1926 V.
1525 1899 1624 1935 [1321.]

1514 1969 1586 1989 CAI’.
1601 1968 1655 1988 ΠΙ.1

1118 2005 1264 2028 Inquisitores
1283 2004 1409 2023 haereticae
1428 2004 1543 2027 pravitatis
1562 2009 1667 2023 censuras
1686 2003 1849 2022 ecclesiasticas
1871 2003 1990 2022 fulminare
2009 2008 2055 2022 non

1118 2032 1210 2054 possunt
1221 2030 1243 2048 in
1255 2030 1361 2048 officiales
1367 2031 1389 2048 et
1398 2030 1492 2048 nuncios
1503 2029 1703 2053 sedisapostolicae
1713 2030 1761 2048 sino
1771 2029 1839 2053 ipsius
1849 2029 1942 2048 lieentia
1950 2029 2055 2053 speciali;

1118 2056 1156 2075 ser]
1168 2056 1195 2074 de
1205 2061 1282 2074 eorum
1298 2056 1426 2075 excessibus
1441 2056 1622 2074 informationem
1633 2056 1706 2074 faeere
1717 2057 1815 2079 possunt,
1830 2057 1851 2074 et
1861 2055 1943 2074 deindo
1953 2055 2054 2074 Romano

1462 2081 1567 2100 Pontifici
1578 2081 1711 2105 significare.

1536 2131 1636 2157 Idem.

1189 2175 1281 2208 Quum
1294 2174 1453 2200 Matthaeus
1472 2174 1507 2201 de
1520 2174 1684 2200 Pontiniano
1702 2173 1805 2199 ordinis
1819 2173 2053 2207 Praedicatorum,

1119 2209 1266 2243 inquisitor
1282 2209 1441 2235 haereticae
1460 2208 1603 2243 pravitatis
1621 2209 1648 2234 in
1661 2216 1748 2241 regno
1762 2207 1872 2234 Siciliae
1889 2208 2054 2235 auctoritate

1119 2243 1274 2276 apostolica
1293 2243 1453 2277 deputatus,
1471 2243 1570 2268 frivola
1588 2243 1736 2269 occasione
1754 2243 1891 2276 quaesita,
1909 2250 1942 2268 ac
1958 2247 2054 2268 nostra

1120 2282 1147 2303 et
1173 2277 1345 2311 apostolicae
1369 2277 1444 2303 sedis
1470 2277 1625 2303 reverentia
1650 2281 1678 2303 et
1706 2277 1812 2303 honore
1836 2276 2001 2310 postpositis
2026 2277 2054 2303 in

1120 2312 1252 2338 dilectum
1271 2311 1356 2337 filium
1375 2312 1409 2338 G.
1424 2312 1458 2337 de
1476 2312 1573 2337 Baleto
1591 2311 1818 2337 archidiaconum
1835 2311 2054 2337 Foroliviensem

1120 2346 1295 2380 capellanum
1308 2350 1443 2378 nostrum,
1452 2346 1622 2380 Campaniae
1635 2345 1838 2378 Maritinaeque
1851 2349 1997 2378 rectorem,
2008 2353 2053 2372 ex-

1120 2380 1377 2406 communicationis
1399 2380 1568 2406 sententiam
1590 2379 1751 2406 inconsultis
1773 2379 1895 2405 motibus
1916 2387 1972 2405 non
1993 2380 2054 2407 sine

1120 2415 1206 2440 multa
1232 2415 1389 2440 temeritate
1412 2414 1520 2440 duxerit
1544 2414 1754 2448 proferendam:
1780 2422 1844 2446 nos,
1866 2414 1992 2440 volentes
2017 2414 2054 2441 de

1121 2453 1214 2475 cetero
1229 2449 1323 2474 talium
1338 2449 1596 2482 praesumptoribus
1611 2448 1734 2480 obviare,
1748 2448 1881 2474 universis
1896 2452 1923 2474 et
1937 2448 2052 2481 singulis

1121 2488 1177 2509 tam
1198 2483 1344 2508 ordinariis
1365 2491 1449 2516 quam
1471 2483 1608 2516 delegatis
1630 2482 1778 2514 iudicibus,
1796 2486 1824 2508 et
1841 2482 2052 2516 inquisitoribus

1120 2517 1263 2551 pravitatis
1281 2517 1418 2549 eiusdem,
1432 2521 1459 2543 et
1476 2517 1536 2542 aliis
1555 2517 1689 2543 universis
1703 2521 1731 2542 et
1748 2516 1872 2550 singulis,
1886 2525 2052 2551 quacunque

1119 2551 1284 2578 auctoritate
1305 2551 1463 2584 fungantur,
1481 2551 1645 2577 auctoritate
1667 2551 1823 2585 apostolica
1845 2551 1996 2577 districtius
2013 2551 2052 2577 in-

1119 2586 1257 2618 hibemus,
1275 2590 1303 2612 et
1319 2585 1484 2611 mandamus
1503 2594 1645 2619 expresse,
1658 2593 1693 2611 ne
1711 2589 1806 2611 contra
1819 2589 1930 2611 nostros
1944 2589 1972 2611 et
1984 2594 2051 2620 apo-

1120 2620 1235 2646 stolicae
1254 2619 1329 2646 sedis
1348 2619 1482 2646 officiales
1501 2620 1545 2645 vel
1566 2620 1689 2651 nuncios,
1707 2624 1754 2645 aut
1776 2619 1899 2653 ipsorum
1921 2619 2050 2654 aliquem,

1120 2654 1217 2688 quavis
1240 2654 1386 2680 occasione
1408 2654 1452 2679 vel
1474 2662 1566 2686 causa,
1586 2654 1693 2688 absque
1715 2658 1810 2679 nostra
1832 2657 1860 2679 et
1880 2654 2050 2688 apostolicae

1120 2688 1195 2714 sedis
1209 2688 1320 2714 licentia
1330 2688 1444 2722 speciali
1455 2688 1495 2714 eis
1509 2696 1559 2722 per
1570 2688 1645 2715 sedis
1659 2688 1746 2722 ipsius
1757 2688 1850 2714 literas
1862 2687 2049 2719 concedenda,

1119 2723 1231 2757 plenam
1252 2722 1371 2749 faciente
1393 2722 1428 2748 (le
1450 2727 1547 2748 tenore
1570 2722 1760 2757 praesentium
1783 2721 1963 2755 mentionem,
1987 2729 2049 2756 pro-

1120 2816 1175 2836 Mon.
1186 2817 1242 2836 Boio.
1312 2817 1346 2840 21)
1356 2817 1398 2836 hoc
1409 2817 1550 2840 praehabito:
1565 2816 1592 2836 il».
1658 2816 1691 2840 22)
1702 2822 1769 2841 quum
1779 2817 1876 2836 diceret:
1890 2816 1917 2835 ib.
1928 2815 1982 2835 Mon.
1993 2814 2049 2834 Boic.

1119 2844 1152 2865 23)
1163 2842 1223 2861 adm.-
1237 2843 1374 2867 praedictos:
1390 2843 1445 2862 Mon.
1457 2843 1513 2862 Ποία
1558 2843 1591 2864 24)
1602 2843 1736 2863 eorundem:
1750 2842 1832 2862 EMon.
1843 2842 1897 2861 Borc.
1940 2840 1972 2864 25)
1983 2846 2048 2859 sana:

1121 2868 1175 2887 Mon.
1186 2868 1242 2888 lxm'c.
1330 2870 1363 2892 2⁶)
1374 2868 1517 2888 damnamus:
1532 2868 1573 2888 ΕΜ
1580 2868 1636 2887 alon.
1647 2868 1703 2887 Bm'c.
1790 2868 1824 2892 27)
1834 2869 1903 2887 nost*
1912 2866 1979 2886 dmi.-
1993 2865 2048 2885 Mon.

1120 2894 1176 2913 ltmc.
1254 2894 1288 2917 28)
1299 2895 1351 2918 ipsis
1361 2897 1446 2913 contra
1461 2894 1487 2913 ih.
1566 2895 1599 2918 29)
1609 2900 1654 2913 ver.
1667 2896 1688 2913 et
1699 2895 1831 2913 catholicam
1843 2898 1891 2913 esee
1905 2897 1972 2911 asser.
1981 2897 2049 2915 quum

1120 2920 1164 2938 illi:
1179 2919 1206 2938 ib.
1251 2920 1284 2942 30)
1295 2920 1345 2939 illa:
1359 2920 1386 2938 ib.
1429 2920 1463 2943 31)
1474 2922 1586 2944 optantes:
1600 2920 1627 2938 ib.
1638 2920 1694 2939 Mon.
1706 2920 1761 2939 Boz'c.
1772 2919 1845 2943 (add.:
1858 2917 1940 2940 autem)
1997 2918 2017 2940 2)
2028 2920 2050 2937 et

1120 2946 1205 2964 eunctis
1215 2946 1246 2965 (et
1256 2946 1343 2969 praed.:
1357 2945 1424 2964 dorsi:
1439 2946 1462 2964 ab.
1508 2946 1541 2967 33)
1552 2946 1646 2969 vestigia
1656 2945 1774 2964 imitando:
1788 2944 1807 2964 Ε
1815 2944 1869 2963 Mon.
1880 2942 1935 2962 Boio.
1983 2944 2017 2964 31)
2028 2946 2050 2962 et

1120 2972 1198 2990 etiam:
1214 2971 1270 2990 Mon.
1282 2971 1337 2990 Bm'e.
1373 2972 1406 2994 35)
1416 2971 1463 2991 vel:
1478 2971 1518 2990 EM
1526 2971 1582 2990 th.
1594 2971 1650 2990 livia.
1683 2971 1716 2995 36)
1727 2970 1787 2990 adda
1801 2969 1910 2988 districte:
1926 2967 1980 2986 Mun.
1992 2968 2048 2988 Bm'c.

1119 2998 1152 3020 ³7)
1163 2997 1261 3016 universi
1272 2999 1293 3016 et
1304 2997 1396 3020 singuli:
1410 2997 1436 3016 ua.
1485 2998 1519 3019 325)
1530 2999 1551 3016 et
1560 3002 1622 3021 pop.:
1637 2996 1705 3017 deest:
1718 2996 1745 3015 ib.
1784 2995 1817 3018 39)
1828 2994 1980 3013 mandavimus
1990 2995 2049 3018 quod

1121 3023 1178 3045 ipae:
1193 3022 1219 3041 17².
1285 3022 1319 3045 40)
1330 3025 1351 3041 et
1362 3023 1383 3041 in
1394 3028 1460 3041 serm.
1472 3023 1582 3042 Parisino:
1596 3022 1623 3042 ib.
1693 3021 1728 3048 41)
1738 3020 1870 3040 assentarie:
1885 3018 1925 3042 z'b.,·
1939 3018 1988 3038 add.
1995 3025 2002 3038 :
2017 3022 2050 3042 εἰς

1121 3047 1175 3067 Mori.
1188 3047 1242 3066 Boio.
1297 3048 1332 3069 42)
1342 3048 1391 3067 1x.:
1407 3047 1462 3067 Mon.
1473 3048 1529 3068 Boiu.

1172 3074 1233 3098 Cap.
1248 3073 1287 3093 111.
1314 3073 1334 3097 1)
1345 3072 1369 3092 M
