2243 3288
140 200 207 226 1217

145 276 292 311 privilegia
301 284 386 310 supra
397 275 481 308 dicta,
492 275 682 310 cuiuscunque
696 276 801 302 tenoris
812 276 956 307 exsistant,
966 276 1086 302 maxime

145 320 232 345 quum
244 312 371 349 ipsorum
384 314 531 344 praetextu
542 310 679 336 maleficia
689 315 851 337 remaneant
864 311 891 335 in
903 310 1010 336 eisdem
1024 319 1086 344 pro—

142 345 240 371 vinciis
253 344 398 378 impunita,
412 345 552 378 pandatur
569 353 654 370 ausus
673 345 843 377 excessibus,
858 345 946 370 cultus
961 345 1087 370 laedatur

144 379 276 411 iustitiae,
290 378 414 412 dictique
431 379 547 404 rectoris
563 379 755 413 multipliciter
772 378 941 412 impediatur
955 379 1086 411 officium,

143 422 176 439 ac
194 413 399 447 provinciarum
417 412 543 446 ipsarum
561 418 659 441 status.
673 414 751 447 pacis
770 413 885 439 foedere
903 413 1017 445 violato,
1030 422 1086 438 non

143 448 252 481 absque
265 447 364 480 grandi
381 447 553 480 reipublicae
571 447 740 473 detrimento
754 447 877 473 subverti
895 452 993 481 posset
1007 456 1085 473 scan-

143 481 212 507 dalis
220 482 240 513 3,
265 481 407 513 scissuris,
433 490 541 507 exnunc
570 482 735 507 auctoritate
765 481 921 515 apostolica
951 489 985 507 ex
1010 487 1086 507 certa

143 516 260 541 scientia
273 523 447 547 revocamus,
461 516 637 541 annullamus
644 517 664 548 4,
679 521 706 541 et
720 516 804 541 etiam
818 515 967 547 irritamus,
981 524 1013 541 ac
1027 516 1084 541 nnl-

142 550 198 575 lam
215 550 321 576 habere
339 549 516 576 decernimus
533 550 642 576 roboris
660 550 829 576 firmitatem.
865 550 939 575 Nulli
961 555 1014 576 etc.
1036 559 1084 575 no-

142 589 218 610 strae
239 584 427 610 revocationis
445 589 472 610 et
494 584 703 616 annullationis,
726 584 901 616 cassationis,
924 584 1084 610 irritationis

142 623 170 644 et
194 618 402 687 const[it11tiopis
428 619 588 652 infringere.
634 619 708 644 Data
728 619 811 643 Avin.
833 619 892 644 VII.
915 619 989 644 Idus.
1011 620 1084 652 Aug.

139 653 194 678 Ao.
207 653 253 678 VI.
284 661 355 686 1322.

423 732 661 760 TITULU
680 731 699 760 S
734 732 799 759 XII.

494 789 727 815 DEPOENIS.

535 858 607 877 CAP.
623 857 690 878 UN.¹

139 893 242 911 Xan-ratis
262 892 399 911 facinoribus
414 892 530 911 hominum
550 892 671 913 Marclziae,
691 893 729 916 qui
747 898 798 911 snos
818 894 916 911 rectores
935 896 957 911 et
976 893 1083 912 officiales

141 919 243 937 occidere
254 919 314 937 soliti
325 920 395 940 erant,
403 920 452 941 post
462 919 656 937 enumerationem
666 919 738 938 XVII.
747 919 863 937 modorum
876 919 1082 941 oti⁴ensae,t0tide1n

139 950 223 968 poenas
234 944 346 967 exprimit,
363 949 416 967 quas
427 944 550 967 incurrent,
565 945 602 967 qui
614 944 640 963 de
652 947 726 963 cetero
737 944 791 962 talia
800 947 950 967 praesument,
962 947 983 963 et
993 947 1084 968 propter

139 972 227 993 patrum
242 970 384 993 iniquitatem
399 969 457 988 filios
472 975 485 988 a
500 970 670 994 quibuscunque
685 970 808 989 honoribus
818 972 840 988 et
851 970 966 989 beneflciis
976 973 1082 994 tanquam

140 996 245 1019 indignos
256 995 350 1018 repellit.
379 995 490 1014 Concord.
502 1000 550 1019 cap.
577 996 612 1014 Ad
623 1001 694 1014 aures.
706 998 727 1014 et
738 1001 785 1019 cap.
814 996 839 1014 In
850 996 992 1019 quibusdam.
1003 997 1082 1015 eodem

140 1022 173 1040 tit.
188 1022 213 1040 in
227 1021 312 1044 antiqu.
327 1023 349 1040 et
364 1026 411 1044 cap.
423 1021 513 1040 Felicis.
529 1021 578 1040 eod.
594 1022 627 1040 tit.
643 1022 693 1040 libr.
705 1022 742 1041 VI.
754 1022 831 1040 iuncta
842 1021 912 1040 Clem.
941 1023 1024 1046 Siquis
1035 1028 1083 1041 sua·

413 1047 480 1065 dente
492 1047 590 1066 diabolo.
601 1047 669 1066 etiam
680 1048 703 1066 iu
714 1047 763 1066 eod.
775 1047 808 1066 tit.

208 1096 325 1122 Dierum
339 1101 483 1122 crescente
496 1097 601 1123 malitia
611 1097 740 1123 videmus
753 1097 889 1123 mundum
902 1097 930 1123 in
943 1098 1083 1123 deteriora

138 1131 240 1164 iugiter
253 1131 373 1165 prolabi,
387 1131 426 1156 sic
439 1131 584 1157 hominum
598 1136 708 1158 mentes
721 1137 835 1158 assueta
849 1132 1022 1166 depravante
1035 1140 1082 1158 ne—

139 1165 235 1199 quitia,
246 1165 327 1191 malis
341 1165 447 1199 passim
459 1166 600 1191 cumulum
610 1166 771 1200 superaddi,
783 1171 812 1191 ut
826 1171 853 1192 et
866 1166 942 1198 boni,
954 1166 1000 1199 qui
1014 1166 1082 1192 alias

138 1200 250 1225 odirent
267 1200 377 1225 virtutis
395 1208 492 1225 amore
506 1199 683 1234 delinquere,
702 1200 842 1226 interdum
860 1209 923 1226 cum
941 1200 1081 1234 perversis

137 1234 262 1266 admixti,
276 1242 442 1260 concurrere
457 1242 519 1259 cum
537 1234 591 1260 illis
609 1235 635 1260 in
654 1235 755 1260 illicitis
774 1235 907 1267 habeant,
921 1240 948 1261 et
961 1235 989 1260 in
1002 1243 1081 1268 aper-

138 1273 196 1294 tam
208 1269 343 1294 malitiam
357 1268 494 1302 prosilire.
531 1269 582 1294 Est
596 1270 703 1294 enim2*
721 1269 928 1303 compescenda
943 1269 1082 1294 malorum

140 1302 268 1334 audacia,
286 1307 315 1328 ut
338 1302 438 1328 saltem
460 1311 571 1336 poenae
592 1303 741 1329 formidine
759 1304 936 1329 retrahantur
953 1311 970 1328 a
982 1304 1082 1335 noxiis,

140 1338 237 1371 sicque
250 1337 326 1368 boni,
338 1337 474 1362 sectando
485 1338 616 1363 virtutem
626 1338 756 1364 meliores
767 1337 869 1370 effecti,
880 1346 936 1363 non
947 1342 1082 1371 cogantur

137 1380 201 1397 cum
215 1371 268 1396 illis
282 1371 383 1404 perire.
420 1371 493 1397 Sane
506 1372 629 1405 vulgaris
647 1372 738 1398 famae
752 1373 894 1398 notorium
907 1372 1040 1406 publicat,
1054 1377 1081 1398 et

137 1407 222 1439 longe
244 1406 358 1438 lateque
379 1405 441 1439 ipsa
463 1405 596 1431 iniuriosa
618 1411 809 1439 transgressus
832 1406 973 1432 evidentia
993 1406 1080 1431 mani-

138 1440 232 1471 festat,
244 1440 321 1473 quod
334 1440 459 1465 nonnulli
473 1440 509 1466 de
519 1440 644 1466 Marchia
654 1441 831 1466 Anconitana
844 1441 986 1474 provincia
999 1441 1080 1466 nobis

138 1479 167 1500 et
190 1475 336 1499 Romanae
362 1474 499 1499 ecclesiae
524 1474 660 1507 subiecta,
685 1475 790 1501 nedum
815 1475 881 1500 olim
906 1475 1080 1509 temporibus

137 1509 313 1534 diversorum
334 1508 586 1541 praedecessorum
603 1514 763 1535 nostrorum
780 1510 971 1535 Romanorum
988 1510 1080 1535 Ponti-

137 1543 221 1568 ficum
234 1550 348 1576 gressus
361 1542 504 1568 fidelitatis
517 1543 623 1576 egressi
635 1543 845 1569 declinaverunt
858 1544 894 1569 ad
908 1543 1079 1569 infidelitatis

137 1577 276 1611 reprobae
290 1576 412 1609 devium,
426 1577 477 1602 sed
491 1577 518 1602 in
532 1577 632 1603 diebus
645 1586 701 1603 non
715 1578 799 1611 longe
812 1578 970 1612 praeteritis
984 1583 1081 1604 contra

137 1620 189 1637 nos
203 1616 231 1637 et
244 1611 392 1637 ecclesiam
405 1611 535 1643 eandem,
549 1616 577 1637 et
595 1612 728 1638 dilectum
746 1612 831 1638 filium
844 1612 985 1638 Amelium
998 1621 1077 1646 prae-

137 1646 260 1680 positum
270 1645 454 1676 Bellimontis,
465 1646 640 1679 capellanum
653 1651 789 1679 nostrum,
800 1647 960 1680 provinciae
974 1655 1079 1672 memo-

137 1686 215 1706 ratae
225 1685 372 1712 rectorem,
383 1680 521 1706 cervicem
532 1680 691 1706 rebellionis
703 1681 811 1714 erigere
821 1686 1079 1715 praesumpserunt,

137 1720 166 1741 et
184 1715 211 1740 in
230 1714 368 1748 quosdam
386 1714 521 1740 officiales
538 1720 567 1740 et
589 1715 740 1741 familiares
763 1724 829 1741 suos
847 1715 997 1741 crudeliter
1018 1724 1078 1741 sae-

137 1749 255 1781 vientes,
274 1753 338 1782 post
355 1757 456 1781 graves
479 1749 568 1774 illatas
587 1749 710 1781 iniurias,
728 1754 756 1775 et
774 1749 992 1783 reprobrosasss*
1014 1758 1078 1775 con-

138 1783 267 1809 tumelias
290 1783 426 1816 irrogatas
446 1783 564 1815 eisdem,
582 1788 610 1809 et
631 1789 695 1817 post
717 1784 791 1810 bona
813 1784 938 1818 ipsorum
955 1784 1079 1810 violenta

136 1817 321 1852 praedatione
336 1817 488 1849 subtracta,
501 1825 550 1843 eos
569 1823 700 1844 cruentae
717 1819 815 1844 mortis
833 1818 975 1852 suppliciis
990 1819 1017 1843 in
1030 1827 1078 1844 ore

136 1852 222 1885 gladii
240 1851 423 1877 tradiderunt.
460 1852 534 1877 Inter
552 1860 622 1886 quos
641 1861 705 1886 pars
724 1853 825 1878 dicitur
842 1853 930 1878 fuisse
947 1861 1002 1878 non
1020 1861 1078 1878 mo·

137 1887 208 1919 dica,
227 1886 270 1912 cui
284 1894 364 1911 mens
382 1886 476 1911 sanior
492 1886 590 1919 inerat,
604 1891 632 1912 et
651 1891 744 1913 tantae
762 1887 927 1913 temeritatis
945 1895 1078 1913 excessus

136 1929 192 1946 non
210 1920 309 1946 leviter
327 1920 506 1954 displicebat;
528 1921 579 1946 sed
593 1921 750 1946 habuerunt
762 1922 807 1947 vel
824 1922 901 1947 inviti
914 1921 999 1947 furori
1013 1930 1077 1947 con-

138 1955 217 1981 fusae
231 1954 415 1980 multitudinis
429 1955 539 1987 cedere,
553 1955 619 1980 dum
638 1955 709 1981 illius
727 1956 913 1989 nequiverunt
931 1956 1077 1981 conatibus

138 1990 261 2015 obviare.
297 1989 356 2014 Nos
370 1989 462 2022 igitur,
476 1994 505 2014 ut
517 1990 592 2021 mali,
606 1998 760 2023 poenarum
777 1990 1002 2028 impositionibus
1016 1999 1078 2023 gra-

136 2024 212 2049 vium
226 2023 322 2055 territi,
335 2028 483 2049 vereantur
500 2023 528 2048 in
544 2028 627 2049 antea
645 2024 672 2049 in
690 2024 844 2050 consimilis
858 2024 959 2050 erroris
973 2024 1078 2050 invium

137 2058 234 2089 relabi,
248 2066 280 2083 ac
294 2057 370 2089 boni,
383 2058 567 2091 persistentes
585 2058 612 2083 in
626 2066 676 2083 sua
690 2058 825 2084 fidelitate
839 2063 1009 2091 constanter,
1022 2067 1078 2084 non

136 2093 259 2118 habeant
272 2096 388 2126 propter
401 2092 511 2117 illorum
524 2092 680 2118 claudicare
694 2092 849 2126 perfidiam,
863 2092 1004 2125 remediis,
1019 2092 1077 2126 qui-

136 2128 188 2153 bus
208 2135 367 2160 possumus,
390 2134 558 2160 praecavere
580 2127 717 2158 volentes,
739 2132 767 2152 et
789 2127 942 2152 animarum
965 2135 1077 2152 suarum

137 2161 218 2187 saluti
233 2161 382 2194 dictaeque
395 2161 555 2194 provinciae
570 2161 686 2194 pacifico
697 2162 781 2186 statui
795 2161 918 2195 paternis
929 2161 1077 2187 affectibus

136 2195 299 2230 prospicere
318 2195 472 2228 cupientes,
486 2195 521 2220 de
539 2195 655 2221 fratrum
671 2200 832 2221 nostrorum
850 2195 966 2221 consilio
983 2196 1036 2221 hac
1050 2196 1077 2220 in

136 2235 302 2264 perpetuum
316 2229 434 2254 valitura
448 2229 646 2255 constitutione
657 2231 806 2260 sancimus,
818 2234 856 2262 ut,
868 2230 1027 2263 quicunque
1041 2230 1077 2255 de

136 2264 279 2298 provincia
293 2264 362 2297 ipsa,
376 2263 420 2289 vel
433 2263 545 2289 aliunde
559 2264 586 2289 in
599 2265 666 2289 ea4⁸
680 2264 822 2297 provincia
832 2273 940 2289 moram
953 2265 1077 2296 trahens,

136 2299 252 2324 clericus
274 2298 319 2324 vel
342 2298 438 2330 laicus,
461 2298 552 2323 famae
574 2306 641 2324 suae
664 2299 809 2332 prodigus,
829 2299 916 2332 ipsius
940 2299 1076 2324 ecclesiae

136 2333 242 2359 calcata
265 2332 421 2358 reverentia
446 2332 473 2357 in
497 2332 551 2358 hoc
574 2333 688 2358 sceleris
713 2341 803 2365 genus
825 2332 977 2366 irrepserit,
1000 2333 1076 2366 quod

135 2373 275 2394 rectorem
297 2367 381 2393 seufi‘
403 2371 536 2398 rectores,
555 2367 602 2400 qui
625 2375 674 2400 pro
693 2372 821 2400 tempore
839 2367 967 2399 regimini
985 2367 1077 2393 dictae

137 2402 296 2436 provinciae
310 2402 337 2426 in
354 2400 545 2434 spiritualibus
563 2405 591 2427 et
609 2401 811 2435 temporalibus
826 2402 992 2427 auctoritate
1010 2410 1075 2435 apo-

137 2437 235 2462 stolica
254 2435 468 2469 p1·aefuerint·³·,
487 2436 531 2461 vel
550 2435 674 2469 ipsorum
692 2436 824 2469 aliquem,
843 2440 890 2461 aut
908 2444 1015 2467 eorum,
1033 2436 1077 2462 vel

136 2471 252 2497 alicuius
274 2470 400 2504 ipsorum
422 2470 597 2501 vicarium&
615 2474 663 2495 aut
685 2470 813 2501 iudicem,
832 2470 876 2496 vel
898 2470 1014 2502 iudices,
1032 2470 1076 2496 vel

136 2506 223 2539 ipsius
236 2504 396 2538 provinciae
410 2504 622 2535 thesaurarium,
633 2508 679 2529 aut
690 2505 782 2530 locum
795 2509 939 2530 tenentem
949 2504 1077 2530 eiusdem

137 2539 223 2573 (quod
237 2539 319 2571 absit)
334 2538 477 2569 occiderit,
490 2543 537 2563 aut
551 2538 587 2563 ad
601 2538 803 2564 offendendum
815 2538 892 2564 illum
904 2538 949 2564 vel
963 2539 1023 2564 illos
1038 2539 1076 2564 in-

135 2579 248 2600 secutus
271 2573 416 2604 exstiterit,
434 2573 550 2606 ceperit,
572 2573 763 2606 captivaverit,
781 2573 940 2601 detinuerit,
964 2581 1076 2606 percus-

136 2609 211 2640 serit,
229 2612 276 2633 aut
294 2607 378 2632 etiarn
395 2607 592 2639 vulneraverit,
610 2608 675 2632 auts
695 2607 820 2641 ipsorum
837 2607 986 2640 aliquidss*‚
1003 2607 1077 2633 ve110

135 2643 203 2668 alias
211 2644 233 2660 11
252 2642 393 2673 inlocum,
410 2641 455 2666 ubi
474 2649 582 2666 moram
601 2641 742 2673 traxerint,
761 2641 891 2667 insultum
911 2641 1016 2672 fecerit,
1030 2646 1076 2667 aut

135 2678 227 2711 ipsum
245 2676 289 2702 vel
307 2676 385 2709 ipsos
403 2675 556 2707 obsederit,
570 2675 628 2701 sive
647 2675 682 2701 de
701 2684 752 2701 sno
770 2676 906 2708 regimine
920 2676 965 2701 vel
983 2675 1075 2701 officio

135 2713 230 2737 forsan
243 2710 380 2744 expulerit
397 2711 442 2736 vel
461 2709 608 2743 fugaverit,
621 2710 711 2736 vell2'·
729 2711 821 2735 socius
840 2709 922 2735 fuerit
940 2709 1076 2743 facientis,

136 2751 184 2772 aut
198 2746 274 2771 illum
288 2745 332 2770 vcl
346 2745 406 2770 illos
420 2744 501 2770 bonis
514 2744 654 2777 aliquibus
669 2744 840 2777 spoliaverit,
853 2744 898 2770 vel
916 2744 1076 2778 provinciae

135 2789 221 2815 supra
234 2780 335 2811 dictae,
349 2778 465 2804 alicuius
472 2779 496 2796 13
513 2778 641 2811 civitatis,
654 2778 736 2804 castri
751 2778 797 2804 vcl
813 2778 867 2804 loci
881 2778 916 2805 de
934 2779 1077 2812 provincia

186 2902 239 2920 Tit.
254 2901 292 2919 XI.
321 2900 382 2923 Cap.
397 2905 434 2918 nn.
462 2899 481 2918 2³*
494 2905 524 2918 sc.
536 2901 568 2918 et:
584 2898 625 2917 AM
674 2899 695 2917 4)
706 2898 768 2918 mm..-
784 2905 907 2918 cassamus:
923 2899 948 2918 ι’[ι.

186 2928 239 2946 Tit.
253 2927 301 2946 XII.
331 2926 392 2950 Cap.
408 2931 445 2944 un.
474 2928 493 2944 1¹
504 2924 562 2943 alm
622 2924 642 2946 2)
653 2925 731 2949 igitur:
746 2924 805 2943 affl!
860 2927 881 2947 3)
892 2925 1022 2948 probrosas:
1038 2925 1079 2944 ΒΜ

133 2952 155 2977 4)
166 2953 256 2972 eadem:
272 2952 330 2971 ,Ilm
391 2952 410 2971 5)
422 2957 460 2970 scu
472 2953 538 2970 recht
552 2950 618 2969 ἄιε-,κη
634 2950 659 2969 ib.
719 2953 739 2969 61
750 2951 882 2974 praefuerit:
899 2951 924 2969 sb.
984 2952 1003 2973 T)
1015 2950 1077 2970 add..—

133 2985 172 2998 seu
183 2979 241 3003 (vela
255 2978 287 3001 M)
297 2978 406 2997 vicarios:
421 2976 479 2996 ΑΒΜ
517 2978 537 2996 S)
549 2976 595 2995 vel:
611 2975 651 2994 :Ul
684 2976 704 2999 v)
715 2977 823 3000 aliquem:
839 2976 898 2995 ΛΙΗΙ
932 2976 964 2996 10)
975 2978 1023 2995 aut:
1039 2977 1079 2995 Ml

134 3005 167 3026 11)
178 3005 246 3023 alios:
262 3004 291 3025 B:
306 3004 386 3023 aliam:
404 3003 425 3021 ill
476 3002 508 3025 12)
520 3008 569 3021 sen:
584 3001 643 3021 ABJI
694 3002 727 3025 13)
738 3005 775 3021 aut
785 3002 826 3021 ab:
838 3002 876 3021 ,ΗΙ
931 3003 963 3024 1⁴)
974 3008 1026 3021 ner:
1038 3002 1079 3021 llll!

135 3030 168 3055 15)
180 3036 230 3049 cum
241 3030 302 3049 aliis:
317 3029 342 3048 ι’[ι.
382 3031 413 3051 145)
424 3031 511 3047 actore:
527 3028 562 3046 ,115
598 3029 630 3051 ιῖ)
642 3027 705 3047 ιιιΙιΙ,.·
720 3029 887 3052 personalibus:
903 3027 961 3047 ΑΒΜ
996 3029 1028 3052 1³)
1040 3029 1076 3047 ob·

210 3072 294 3097 Corpus
308 3073 350 3091 iur.
366 3077 414 3090 can.
444 3070 480 3090 Ed.
495 3070 609 3095 Fricrllnrgs.
637 3071 662 3090 T.
674 3071 702 3089 II.

400 199 617 226 EXTRAVAG.
637 200 762 225 IOANN.
782 200 868 225 XXII.
887 200 958 225 TIT.
977 200 1122 225 XI—xlll.
1143 200 1194 225 DE
1214 200 1424 226 SENTENTIA
1443 200 1615 226 EXCOMM.
1635 205 1687 227 etc.
1708 209 1732 227 c.
1753 210 1797 227 un.

1995 203 2063 228 1218

1104 277 1106 284 '
1119 276 1337 315 ipsapopulum,
1351 277 1578 303 communitatem
1592 278 1635 303 vel
1654 278 1873 310 universitatem,
1887 283 1934 304 aut
1947 279 2060 313 aliquos

1119 319 1151 336 ex
1169 319 1219 343 eis,
1238 311 1281 336 vel
1304 311 1418 344 quosvis
1436 311 1505 337 alios
1524 312 1559 337 de
1582 312 1726 345 provincia
1748 313 1809 346 ipsa
1829 313 1934 339 directe
1956 314 1999 339 vel
2019 314 2059 339 in-

1119 345 1223 371 directe
1237 350 1333 371 contra
1346 354 1398 371 nos
1413 350 1440 372 et
1454 346 1610 379 praefatam
1624 346 1781 378 ecclesiam,
1793 355 1842 372 seu
1856 352 1989 380 rectores,
2000 348 2060 373 offi-

1118 379 1201 404 ciales
1216 385 1243 405 et
1257 380 1350 405 locum
1365 384 1493 406 tenentes
1507 380 1678 414 praedictos,
1691 381 1736 406 vel
1750 381 1875 414 ipsorum
1888 382 2010 415 aliquem
2023 383 2061 408 ad

1118 413 1287 439 seditionem
1301 414 1514 447 quomodolibet
1527 415 1668 447 excitabit,
1682 423 1714 440 ac
1728 415 1911 441 rebellionem
1929 424 1979 442 sen
1994 424 2059 442 con-

1118 448 1300 481 spirationem
1318 456 1368 481 per
1386 456 1426 480 se,
1439 449 1483 474 vel
1502 457 1552 507 per
1569 449 1653 474 alium
1671 457 1721 474 seu
1738 449 1807 475 alios
1826 449 1917 476 facere
1934 451 1979 476 vel
1997 459 2060 484 pro-

1121 490 1216 508 curare
1230 482 1459 516 praesumpserit,
1470 491 1503 508 ve
1527 483 1563 508 ad
1574 491 1607 508 ea
1619 484 1676 508 sive
1688 483 1812 516 ipsorum
1822 484 1937 517 aliquod
1950 485 2060 510 dederit

1120 516 1414 547 auxilium,consilium
1425 517 1469 542 vel
1480 517 1727 549 favorem,directe
1737 518 1781 543 vel
1792 518 1937 550 indirecte,
1949 519 2061 552 publice

1120 551 1164 576 vel
1183 551 1301 581 occulte,
1315 551 1504 584 cuiuscunque
1523 551 1700 583 conditionis,
1718 552 1832 584 ordinis,
1851 552 1994 585 dignitatis
2012 559 2062 579 aut

1120 589 1210 610 status
1232 585 1414 610 ecclesiastici
1432 585 1477 610 vel
1497 585 1630 610 mundani
1649 585 1740 617 suerit,
1755 586 1863 612 etiarnsi
1882 587 2060 620 patriarchali

1120 619 1164 644 vel
1177 619 1417 652 archiepiscopali,
1431 627 1481 644 seu
1500 619 1654 653 episcopali
1671 620 1716 645 vel
1734 621 1870 654 superiori
1884 621 2061 655 praefulgeat

1120 653 1265 686 dignitate,
1283 658 1420 686 perpetuo
1439 653 1473 678 sit
1492 653 1611 685 infamis,
1630 659 1659 678 ut
1676 662 1727 679 nec
1749 654 1785 679 ad
1808 655 1998 681 testimonium
2014 656 2059 682 vel

1119 687 1189 712 alios
1211 692 1289 712 actus
1314 687 1455 720 legitimos
1478 687 1650 713 admittatur.
1688 688 1728 713 Sit
1753 688 1928 722 intestabilis,
1954 695 1983 715 ut
2007 698 2059 716 nec

1119 722 1240 747 testandi
1254 722 1371 747 liberam
1385 722 1487 747 habeat
1501 721 1660 753 factionem,
1674 722 1748 748 ve114
1761 723 1796 748 ad
1810 723 1924 749 alicuius
1938 724 2012 750 bona
2025 733 2059 750 ex

1119 760 1288 781 testamento
1305 756 1349 781 vel
1367 756 1402 781 ab
1420 756 1552 782 intestato
1570 761 1692 781 vocetur.
1729 757 1826 782 Nullus
1845 758 1870 783 ei
1887 766 1973 791 super
1990 767 2058 792 quo-

1119 798 1229 823 cunque
1243 791 1358 823 negotio
1372 790 1555 824 respondere,
1566 790 1617 815 sed
1631 790 1691 823 ipse
1705 790 1765 816 aliis
1779 792 1950 825 respondere
1964 797 2058 818 tenea-

1119 828 1170 849 tur.
1207 825 1265 850 Nec
1284 824 1399 857 quaevis
1415 832 1516 850 causae
1534 824 1570 850 ad
1592 825 1763 850 audientiam
1786 826 1961 858 perferantur
1978 827 2059 852 illius.

1118 859 1176 884 Nec
1190 859 1301 884 valeant
1315 859 1375 884 eius
1389 859 1545 884 sententiae
1558 859 1602 884 vel
1615 867 1774 892 processus.
1799 860 1897 885 Nullus
1911 861 1936 886 ei
1950 861 1977 886 in
1992 870 2059 894 qua-

1118 901 1228 926 cunque
1243 901 1326 918 causa
1339 893 1384 918 vel
1397 893 1511 926 negotio
1529 893 1715 926 patrocinium
1730 898 1874 926 praestare
1887 900 2058 927 praesumat.

1117 928 1176 952 Nec
1190 927 1251 960 ipse
1264 927 1300 952 ad
1314 927 1546 960 patrocinandum
1559 927 1618 952 aliis
1627 927 1649 945 ¹5
1661 927 1832 953 admittatur.
1861 929 2059 961 Instrumenta,

1118 961 1247 987 confecta
1265 969 1315 994 per
1333 969 1407 993 eum,
1430 961 1452 986 si
1471 961 1543 987 sorte
1562 961 1684 986 officium
1703 961 1900 988 tabellionatus
1921 969 2060 996 exerceat,

1117 996 1221 1021 nullam
1232 996 1353 1021 habeant
1362 995 1587 1028 firmitatem,sed
1598 996 1691 1029 potius
1699 1004 1762 1021 cum
1773 997 1914 1022 auctorem
1924 997 2059 1023 damnato

1119 1029 1293 1056 damnentur.
1334 1030 1582 1063 Dignitatibuswg
1601 1030 1699 1055 officiis
1718 1034 1745 1055 et
1762 1030 1907 1056 beneficiis
1926 1031 2057 1057 ecclesia-

1118 1064 1203 1096 sticis,
1213 1064 1258 1090 vel
1271 1064 1429 1095 mundanis,
1441 1072 1514 1097 quae
1528 1064 1673 1095 obtinetlt‘,
1686 1072 1871 1098 quaecunque
1883 1066 1937 1090 sint
1947 1070 1975 1091 et
1989 1074 2058 1099 quo-

1118 1106 1228 1132 cunque
1241 1098 1353 1124 nomine
1367 1102 1542 1130 censeantur,
1557 1098 1592 1123 sit
1605 1106 1639 1124 eo
1653 1098 1715 1132 ipso
1734 1099 1868 1132 privatus,
1881 1107 1913 1125 ac
1927 1101 2057 1126 inhabilis

1117 1137 1146 1158 et
1163 1132 1294 1166 indignus
1312 1133 1348 1157 ad
1367 1141 1400 1158 ea
1418 1136 1446 1158 et
1464 1132 1607 1166 quaelibet
1619 1132 1674 1158 alia
1691 1133 1718 1158 in
1735 1137 1880 1166 posterum
1894 1134 2056 1160 obtinenda.

1117 1167 1178 1192 Filii
1200 1167 1260 1192 eius
1282 1166 1318 1192 ad
1340 1167 1431 1192 nullos
1453 1167 1574 1192 honores
1597 1167 1802 1193 ecclesiasticos
1824 1168 1869 1193 vel
1889 1169 2057 1201 mundanos,

1116 1201 1153 1226 ad
1175 1202 1264 1226 nullas
1287 1201 1439 1234 dignitates
1460 1201 1506 1226 vel
1527 1201 1664 1227 beneficia
1683 1202 1883 1234 ecclesiastica,
1900 1208 1947 1228 aut
1965 1203 2058 1229 officia

1117 1235 1229 1269 publica
1244 1235 1456 1269 quomodolibet
1469 1235 1661 1261 admittantur.
1685 1236 1874 1262 Libertatibus
1885 1241 1913 1262 et
1926 1237 2010 1262 etiam
2017 1238 2057 1255 1⁴³*

1117 1269 1337 1295 immunitatibus
1362 1269 1484 1295 realibus
1507 1274 1535 1295 et
1560 1270 1766 1303 personalibus,
1787 1270 1940 1304 privilegiis
1966 1276 1993 1297 et
2018 1272 2057 1297 in-

1117 1303 1268 1337 dulgentiis
1282 1304 1505 1337 quibuscunque,
1517 1304 1568 1330 sub
1580 1312 1746 1338 quacunque
1757 1304 1848 1330 forma
1857 1305 2007 1331 verborum
2021 1306 2058 1331 ab

1116 1338 1301 1372 apostolica20
1314 1338 1383 1364 sede
1396 1338 1547 1370 concessiS‚
1561 1343 1662 1364 extunc
1674 1339 1786 1372 penitus
1800 1344 1920 1366 careant.
1951 1340 2058 1365 Vasalli

1116 1378 1145 1398 et
1157 1373 1287 1398 homines
1300 1381 1317 1398 a
1329 1373 1485 1398 iuramento
1499 1373 1640 1398 fidelitatis
1653 1378 1682 1399 et
1694 1373 1748 1398 alia
1761 1374 1860 1406 quavis
1874 1374 2056 1407 obligatione,

1117 1407 1219 1440 quibus
1230 1411 1361 1433 tenentur
1371 1407 1474 1439 eidem,
1486 1407 1540 1432 sint
1550 1407 1661 1440 penitus
1672 1407 1803 1433 absoluti.
1828 1408 1923 1434 Feuda
1934 1417 2056 1442 quoque,

1116 1441 1184 1473 iura,
1198 1442 1318 1467 honores
1331 1450 1364 1467 ac
1377 1441 1478 1473 officia,
1492 1446 1520 1467 et
1533 1442 1587 1467 alia
1600 1450 1786 1475 quaecunque
1803 1442 1879 1467 bona
1892 1442 2056 1475 immobilia,

1117 1484 1189 1508 quae
1203 1476 1229 1500 in
1244 1476 1318 1501 dicta
1331 1476 1474 1509 provincia
1487 1476 1628 1502 Marchiae
1643 1480 1671 1502 et
1688 1476 1753 1501 alibi
1772 1476 1933 1510 ubicunque
1946 1485 1962 1502 a
1976 1485 2055 1510 prae-

1116 1510 1191 1535 dicta
1204 1511 1332 1535 Romana
1350 1510 1506 1535 obtinent21
1524 1510 1652 1542 ecclesia,
1666 1511 1720 1536 sint
1738 1518 1772 1536 eo
1790 1510 1852 1544 ipso
1866 1511 1977 1544 penitus
1991 1519 2056 1536 con-

1115 1544 1222 1570 fiscata.
1247 1545 1316 1570 Aliis
1329 1553 1396 1570 vero
1410 1544 1511 1575 feudis,
1522 1545 1637 1577 iuribus,
1648 1545 1811 1576 honoribus,
1822 1544 1920 1570 officiis
1932 1550 1959 1571 et
1972 1545 2056 1571 bonis

1115 1579 1315 1610 immobilibus,
1334 1587 1406 1612 quae
1424 1587 1440 1604 a
1454 1579 1697 1612 quibuscunquetffl
1718 1579 1779 1604 aliis
1802 1583 1897 1605 tenent
1919 1579 2055 1612 ecclesiis,

1115 1613 1216 1638 sint2'22'*
1233 1621 1268 1638 eo
1286 1613 1347 1647 ipso
1366 1613 1474 1647 privati,
1488 1621 1560 1646 quae
1574 1613 1613 1639 sic
1629 1613 1666 1638 ad
1684 1613 1799 1639 easdem
1817 1613 1950 1639 ecclesias
1967 1614 2056 1639 libere

1115 1652 1298 1680 revertantur,
1313 1647 1390 1681 quod
1408 1647 1444 1673 de
1462 1647 1515 1672 illis
1534 1656 1629 1673 earum
1648 1652 1771 1673 rectores
1785 1656 1835 1681 pro
1849 1656 1899 1673 sua
1912 1648 2056 1674 voluntate

1115 1682 1275 1715 disponant.
1311 1682 1427 1707 Mobilia
1442 1690 1509 1707 vero
1530 1682 1605 1708 bona
1623 1682 1709 1715 ipsius
1728 1682 1907 1708 concedimus
1926 1682 2056 1708 fidelibus

1115 1716 1288 1750 occupanda,
1301 1716 1369 1741 illud
1386 1716 1564 1742 nihilominus
1583 1716 1747 1742 adiicientes
1765 1721 1877 1742 nostrae
1895 1717 2055 1742 huiusmodi

1114 1750 1289 1783 sanctioni24,
1303 1755 1332 1775 ut
1346 1751 1386 1776 sic
1400 1750 1566 1784 delinquens
1580 1751 1875 1776 excommunicationis
1889 1751 2056 1783 sententiae,

1114 1785 1281 1810 universitas
1299 1793 1365 1811 vero
1384 1793 1434 1810 seu
1451 1785 1645 1816 communitas,
1664 1793 1737 1818 quae
1755 1785 1904 1818 deliquerit
1926 1785 1953 1810 in
1975 1793 2055 1819 prae-

1114 1819 1205 1852 dictis,
1224 1820 1342 1853 eiusque
1360 1819 1529 1845 territorium
1547 1824 1574 1845 et
1592 1819 1734 1844 districtus
1758 1819 1906 1845 interdicto
1925 1819 2055 1845 ecclesia-

1114 1854 1183 1879 stico
1202 1854 1365 1879 subiaceant
1387 1854 1448 1887 ipso
1467 1853 1550 1879 sacto.
1587 1854 1612 1879 A
1626 1862 1680 1887 qua
1699 1853 1814 1887 quidem
1832 1854 2053 1879 excommunica-

1113 1888 1196 1913 tionis
1220 1888 1359 1914 sententia
1379 1888 1471 1913 nullus
1494 1888 1529 1913 ab
1552 1888 1617 1920 alio,
1632 1896 1715 1921 quam
1737 1896 1754 1913 a
1775 1888 1903 1913 Romano
1921 1888 2055 1913 Pontifice

1113 1923 1204 1956 possit
1226 1923 1411 1948 absolutionis
1436 1922 1606 1948 beneficium
1630 1922 1766 1954 obtinere,
1791 1922 1845 1947 nisi
1870 1922 2003 1948 duntaxat
2028 1923 2055 1947 in

1113 1957 1210 1982 mortis
1229 1957 1344 1982 articulo
1363 1957 1540 1982 constitutus.
1576 1957 1629 1982 Per
1649 1957 1703 1982 hoc
1719 1961 1814 1982 autem
1831 1964 1887 1982 non
1906 1957 2056 1982 adimimus

1113 1991 1304 2016 saecularibus
1327 1991 1513 2024 potestatibus
1532 1990 1693 2016 facultatem
1712 1991 1809 2016 utendi
1827 1991 1936 2023 legibus
1959 1996 2056 2016 contra

1114 2025 1238 2056 tale1n2'5,
1258 2033 1327 2058 quas
1349 2025 1485 2050 adversus
1507 2025 1546 2050 sic
1569 2025 1810 2058 delinquentem21³
1831 2025 1958 2050 catholici
1981 2026 2054 2059 prin-

1113 2060 1190 2093 cipes
1213 2059 1370 2085 ediderunt.
1406 2059 1531 2092 Dignum
1553 2059 1658 2084 etenim
1679 2063 1731 2090 est,
1753 2063 1793 2090 ut,
1813 2067 1883 2092 quos
1902 2059 1984 2084 timor
2000 2060 2054 2084 Dei

1113 2102 1130 2119 a
1150 2094 1224 2119 malo
1246 2102 1302 2119 non
1329 2098 1450 2125 revocat,
1473 2101 1627 2127 poenarum
1648 2093 1737 2118 moles
1760 2093 1787 2118 in
1814 2101 1862 2118 eos
1885 2098 2056 2126 exaggerata

1322 2127 1395 2152 Nulli
1414 2132 1467 2153 etc.
1490 2132 1603 2152 nostrae
1625 2127 1774 2152 functionis
1793 2131 1820 2152 et
1842 2128 1991 2152 sanctionis
2015 2127 2054 2152 in-

1113 2133 1285 2161 compescat.

1301 2163 1406 2187 Datum
1419 2161 1548 2187 Avinion.
1568 2162 1638 2187 VIII.
1656 2162 1717 2187 Kal.
1736 2161 1894 2195 Septembr.
1909 2162 1964 2187 Ao.
1980 2161 2054 2187 ΙΙΙ.Ξῖ

1113 2170 1198 2196 super
1212 2167 1265 2188 etc.

1114 2195 1214 2231 [1319-]

1420 2275 1645 2304 TITULUS
1673 2275 1751 2303 XIII.

1158 2333 1214 2358 DE
1243 2333 1489 2358 SENTENTIA
1517 2332 2007 2365 EXCOMMUNICATIONIS,

1254 2376 1560 2402 SUSPENSIONIS
1580 2375 1634 2400 ET
1653 2375 1914 2401 INTERDICTI.

1504 2453 1576 2472 CAP.
1593 2452 1661 2473 UNA

1112 2488 1207 2507 Taxatio
1226 2488 1348 2512 gratiarum
1373 2488 1432 2507 sedis
1455 2488 1590 2512 apostolicae
1614 2488 1790 2511 impetratarum,
1814 2489 1859 2506 tam
1880 2492 1929 2505 cnm
1949 2486 2055 2505 clausulis

1112 2514 1225 2533 consuetis
1245 2519 1310 2537 quam
1329 2520 1375 2532 non
1390 2514 1510 2537 consuetis,
1530 2514 1567 2532 hie
1581 2514 1716 2532 continetur.
1744 2514 1772 2532 Et
1786 2515 1839 2537 quot
1853 2513 1936 2535 literas,
1956 2515 2052 2536 quotque

1113 2540 1223 2558 dictiones
1238 2539 1299 2559 linea
1318 2539 1438 2563 complecti
1456 2539 1544 2563 debeat,
1564 2539 1700 2561 declaratum
1720 2539 1747 2558 ad
1766 2540 1919 2562 paupertatem
1940 2540 2053 2561 respectus

1112 2566 1213 2585 habetur.
1243 2566 1327 2584 Contra
1337 2568 1512 2589 transgressores
1527 2570 1600 2589 poena
1610 2565 1763 2588 suspensionis
1773 2565 1801 2583 ab
1812 2565 1885 2583 officio
1896 2569 1965 2587 usque
1975 2564 2003 2582 ad
2013 2569 2053 2582 sex

1112 2597 1207 2615 menses,
1219 2593 1240 2610 ct
1250 2591 1383 2615 quandoque
1393 2592 1526 2615 privationis
1537 2591 1665 2614 imponitur,
1681 2592 1705 2608 nt
1719 2590 1777 2609 ultra
1787 2590 1848 2608 illam
1859 2589 2054 2608 abbreviatoribus

1271 2618 1407 2636 sententiani
1419 2617 1659 2636 excommunicationis
1669 2616 1730 2639 Papa
1740 2616 1896 2634 comminatur.

1181 2676 1273 2709 Quum
1290 2675 1326 2701 ad
1344 2680 1540 2702 sacrosanctae
1553 2676 1696 2700 Romanae
1713 2673 1850 2700 ecclesiae
1863 2674 1963 2706 sinum,
1976 2674 2053 2699 velut

1111 2710 1147 2736 ad
1168 2711 1264 2736 matris
1287 2711 1374 2736 ubera
1395 2710 1499 2736 referta
1522 2709 1679 2741 dulcedine,
1700 2710 1749 2734 ac'-’
1771 2708 1889 2733 Romani
1911 2707 2052 2734 l’ontificis

1112 2744 1216 2770 Christi
1229 2745 1322 2770 vicarii
1336 2744 1564 2778 successorisque
1578 2743 1650 2769 Petri
1668 2742 1854 2774 clementiam,
1868 2746 2000 2776 tanquam
2015 2742 2051 2768 ad

1112 2779 1198 2813 patris
1220 2779 1332 2813 plenam
1354 2778 1530 2813 providentia
1551 2778 1695 2811 pietatem,
1709 2777 1784 2803 orbis
1807 2781 1942 2802 terrarum
1959 2780 1987 2802 et
2004 2776 2052 2810 qui

1574 2898 1607 2917 20)
1619 2897 1679 2917 adm:
1694 2898 1748 2917 sibi:
1763 2897 1803 2916 ,1.11
1841 2897 1874 2921 231)
1885 2897 2010 2916 obtineret:
2024 2896 2053 2916 A:

1738 2924 1771 2948 23)
1782 2924 1810 2942 sit
1821 2937 1826 2942 .
1837 2937 1842 2942 .
1854 2937 1859 2942 .
1869 2923 1980 2947 privatus:
1994 2922 2055 2941 ΑΒΜ

1781 2949 1815 2973 26)
1829 2949 1998 2973 delinquentes:
2012 2948 2056 2968 Bri!

1113 2900 1197 2918 tinent:
1212 2899 1247 2919 AB

1113 2926 1224 2945 obtineat:
1240 2925 1257 2944 R

1112 2952 1146 2973 24)
1157 2951 1218 2970 adda
1233 2951 1389 2970 constitutioni
1400 2952 1432 2969 et:
1447 2950 1465 2969 B

1112 2978 1146 3001 27)
1156 2978 1204 2997 XV.
1216 2977 1264 2996 Kal.
1276 2978 1331 3000 Aug.
1345 2976 1436 2995 Ao.11.:
1452 2975 1466 3001 Q

1164 3003 1216 3022 Tit.
1232 3003 1293 3022 xm.
1321 3004 1382 3026 Cap.
1398 3007 1435 3021 un.
1464 3001 1484 3025 1)
1495 3000 1552 3020 ,illst

1292 2899 1325 2923 iu)
1336 2901 1375 2918 ct.:
1391 2899 1458 2918 rIccst:
1473 2898 1532 2917 ‚vlli'JI

1319 2928 1351 2944 2⁵:3l
1363 2925 1495 2948 quibusdam
1506 2938 1511 2943 .
1519 2937 1524 2942 .
1532 2937 1537 2942 .
1548 2926 1646 2943 teneret:
1661 2923 1676 2942 ,vl

1543 2951 1576 2973 215)
1592 2950 1658 2969 tales:
1674 2949 1700 2968 ι’[ι.

1603 3000 1622 3025 2)
1633 3007 1658 3021 ac
1668 3001 1708 3020 ad:
1723 3000 1759 3019 AB

1739 3060 1770 3086 ῖῖ
