2243 3288
114 257 181 284 1049

116 335 254 367 stolicum‚
272 333 365 368 quode
383 333 526 368 plerisque
545 334 717 367 conceditur,
730 338 761 360 ut
774 333 915 360 novalium
928 333 1052 360 decimas

117 378 168 404 pro
190 377 223 395 ea
243 368 374 402 portione
396 369 542 402 percipere
563 369 683 401 valeant,
707 377 762 403 qua
785 373 896 394 veteres
916 376 966 394 eos
988 377 1052 394 con-

115 405 233 437 tingunt,
252 402 289 428 ad
305 402 367 428 illas
384 403 527 428 novalium
544 403 677 436 decimas,
693 412 762 437 quas
780 407 908 437 tempore
925 403 982 435 illo,
996 411 1051 436 quo

114 439 293 472 impetratum
305 437 350 463 vel
363 437 510 463 obtentum
524 438 628 464 exstitit
641 438 695 464 hoc
707 438 856 470 indultum,
865 437 911 463 alii
925 437 1052 471 posside-

113 473 190 504 bant,
205 479 291 510 quum
309 471 345 497 de
362 471 416 497 hoc
434 472 462 497 in
480 472 541 506 ipso
559 473 665 498 mentio
682 472 758 498 nulla
774 472 831 504 fiat,
848 472 1007 497 nullatenus
1021 480 1052 498 se

113 505 248 538 extendit,
265 514 317 532 nec
337 506 374 532 ad
396 506 465 532 alias
487 507 580 539 etiam,
597 507 650 533 nisi
668 507 695 532 in
717 507 760 532 his
782 510 890 532 tantum
908 506 985 538 locis,
1004 506 1051 532 ubi

112 545 223 566 veteres
235 544 309 573 tunc,
320 540 433 574 quando
448 540 552 567 dictum
566 541 703 567 indultum
714 541 893 575 impetratum
906 540 966 573 fuit,
978 540 1051 575 ipsid

113 575 310 609 impetratores
328 575 481 608 habebant,
494 580 523 601 et
540 584 592 610 pro
606 584 639 602 ea
654 575 829 602 solummodo
843 575 982 609 portione,
997 584 1052 609 qua

113 610 166 643 ipsi
180 613 308 643 tempore
319 609 522 644 impetrationis
533 610 693 636 huiusmodi
706 610 902 644 percipiebant
912 610 1051 643 antiquas.

111 643 133 678 ξ.
150 652 170 669 1.
196 643 350 670 Statuimus
372 649 528 678 praeterea,
547 645 624 678 quod
646 645 723 670 idem
739 644 886 676 indultum,
904 644 1051 670 obtentum

112 678 148 704 ab
167 678 210 710 iis,
224 678 271 712 qui
289 683 417 712 tempore
435 679 638 713 impetrationis
657 678 778 705 totaliter
790 683 901 704 veteres
914 679 1050 712 percipie-

111 713 179 738 bant
193 712 327 745 decimas,
341 713 412 739 ultra
425 713 608 740 medietatem
626 713 798 739 decimarum
810 713 952 738 novalium
965 714 1051 739 nulla-

112 752 193 773 tenus
208 747 386 778 extendatur;
401 748 467 781 quia
476 753 550 774 none
564 752 607 774 est
619 747 770 774 verisimile
777 746 794 780 f,
806 747 828 773 si
840 752 905 773 tunc
919 747 954 773 de
968 748 1051 781 plena

111 786 140 808 et
150 782 259 815 integra
270 782 453 816 perceptione
464 787 591 809 veterum
601 782 700 808 fuisset
711 790 884 816 expressum,
896 782 973 816 quod
983 791 1050 816 apo-

110 816 210 842 stolica
231 816 316 842 sedes
335 817 440 850 pariter
458 821 487 842 et
504 817 630 843 similiter
646 816 788 842 novalium
805 816 938 849 decimas,
952 817 979 842 in
993 822 1050 842 tam

110 859 196 884 grave
225 851 427 884 parochialium
456 851 638 877 ecclesiarum
668 851 848 885 dispendium
878 851 1049 883 indulsisset,

112 885 247 919 quodque
264 885 372 911 ratione
390 885 452 911 talis
470 886 579 917 indulti,
593 886 652 911 sive
666 885 807 919 impetrati
820 886 876 911 iam
889 886 948 911 sive
962 885 1049 919 impe-

110 919 201 945 trandi
216 919 360 953 deinceps,
371 928 427 945 non
440 920 547 954 possitl
560 921 589 945 in
598 920 755 952 novalibus,
767 929 839 954 quae
850 929 866 945 a
875 920 960 946 modo
973 920 1049 952 fient,

109 954 244 980 vindicari
255 958 304 980 etg
317 954 422 988 acquiri
431 955 476 980 vel
489 955 596 989 percipi
610 955 672 988 plus
684 963 769 988 quam
778 954 916 980 medietas
927 954 1048 980 decima-

110 997 172 1014 rum
184 988 310 1025 ipsorum
322 988 493 1021 novaliumh,
511 989 621 1015 etiamsi
634 989 754 1023 amplius
767 989 794 1014 in
808 989 949 1015 veteribus
962 989 1048 1015 habe-

109 1023 192 1049 batur
199 1029 215 1056 ¹,
227 1031 313 1057 quum
326 1031 382 1049 non
395 1023 431 1049 sit
444 1023 595 1049 dicendum
608 1032 749 1058 asperum,
760 1023 811 1050 sed
824 1024 901 1057 pium
915 1024 1008 1057 potius
1022 1028 1050 1049 et

109 1057 273 1091 benignum,
296 1057 319 1084 si
341 1066 428 1092 super
449 1058 565 1084 decimis
588 1058 743 1084 futurorum
768 1058 908 1084 novalium
933 1057 1050 1084 contrak

108 1092 312 1126 parochialium
325 1092 506 1118 ecclesiarum
522 1092 698 1127 gravamenl,
716 1092 793 1132 quod
815 1101 849 1118 ex
871 1092 1050 1118 distinctione

110 1126 209 1152 indulti
221 1126 382 1153 huiusmodi
396 1127 519 1161 possit2*
538 1127 676 1159 accidere,
689 1128 782 1153 taliter
795 1127 959 1153 obviaturm.
994 1127 1049 1153 Re-

109 1161 226 1195 ligiosos
240 1166 334 1187 tamen
345 1161 540 1188 Cisterciensis
552 1166 579 1188 et
587 1161 793 1188 Carthusiensis
804 1161 933 1187 ordinum
943 1165 1048 1187 statuto

110 1200 138 1222 et
156 1195 344 1222 declaratione
362 1196 533 1229 huiusmodi,
548 1201 684 1230 quantum
698 1196 734 1222 ad
751 1196 803 1222 hos
822 1196 893 1222 duos
907 1196 1048 1227 articulos,

108 1229 240 1256 videlicet
258 1230 294 1256 de
310 1230 464 1257 medietate
486 1231 658 1257 decimarum
679 1230 830 1263 novalium,
847 1231 1048 1264 comprehendi

109 1265 238 1290 nolumus
256 1265 301 1291 vel
322 1265 505 1299 constringin.
541 1264 562 1299 ξ.
577 1273 600 1291 2.
626 1265 683 1291 Ubi
705 1270 800 1291 autem
821 1273 872 1299 per
888 1265 1048 1290 huiusmodi

109 1299 307 1325 concessiones
326 1299 498 1326 decimarum
515 1300 689 1334 parochiales
707 1300 840 1325 ecclesias
853 1299 925 1332 adeo
939 1299 1048 1333 gravari

109 1333 254 1367 contingit,
265 1334 342 1368 quod
354 1342 450 1360 earum
463 1339 587 1360 rectores
598 1335 634 1360 de
644 1335 768 1368 ipsarum
778 1334 914 1360 reditibus
925 1342 1048 1367 congrue

108 1368 269 1400 sustentari,
280 1373 308 1394 et
327 1368 475 1394 commode
493 1369 552 1394 iura
571 1369 743 1403 episcopalia
758 1369 890 1394 exhibere
908 1377 964 1394 non
983 1377 1047 1402 pos-

108 1407 184 1429 sunt:
219 1403 401 1436 provideatur
424 1409 494 1437 per⁰
520 1403 646 1429 Iocorum
671 1403 826 1429 ordinarios
851 1407 880 1429 et
904 1403 1048 1429 ordinetur

107 1437 208 1470 taliter,
216 1437 293 1471 quod
303 1437 412 1464 eisdem
422 1438 577 1464 rectoribus
589 1442 698 1463 tantum
709 1437 744 1463 de
755 1437 864 1463 illarum
874 1437 1047 1471 relinquatur

108 1472 301 1505 proventibus,
331 1472 408 1506 quod
436 1472 538 1498 exinde
570 1477 780 1506 competentem
814 1473 1047 1498 sustentationem

107 1506 223 1538 habere,
236 1510 264 1532 et
277 1506 450 1540 episcopalia
463 1507 522 1532 iura
533 1507 642 1533 solvere
652 1507 764 1532 valeant
774 1506 885 1540 aliaque
900 1515 986 1532 onera
999 1506 1047 1532 de-

107 1541 168 1566 bita
193 1546 371 1575 supportare.
407 1540 428 1575 §.
442 1549 466 1574 3.
501 1542 584 1574 Sane,
611 1541 738 1575 quamvis
768 1541 841 1567 forte
867 1549 884 1567 a
909 1541 1047 1574 religiosis

108 1576 248 1609 exemptis
266 1579 295 1601 et
312 1575 372 1601 aliis
391 1575 459 1601 fiant
476 1575 682 1602 infeudationes
701 1575 738 1602 de
760 1575 877 1602 decimis
896 1575 1017 1601 detentis
1031 1584 1047 1601 a

108 1610 185 1635 laicis
192 1615 215 1642 Ρ,
227 1614 254 1637 et
267 1609 352 1636 iidem
365 1610 437 1643 laici,
448 1610 524 1644 quod
537 1610 598 1636 illas
608 1610 644 1636 ab
658 1610 727 1644 ipsis
737 1610 877 1644 religiosis
890 1610 918 1636 in
931 1610 1046 1636 feudum

109 1648 232 1677 teneant,
242 1649 459 1679 recognoscant:
469 1653 525 1671 non
536 1649 631 1672 tamen
640 1645 705 1672 licet
715 1645 853 1679 religiosis
864 1644 972 1671 eisdem
982 1648 1048 1679 post

106 1751 250 1782 praesertim
272 1750 379 1782 exempti
401 1751 432 1774 ad
454 1750 545 1774 fraudis
569 1750 667 1781 ingenia
688 1758 714 1774 se
733 1753 856 1774 vertentes
877 1750 1049 1774 machinantur

107 1793 163 1809 curn
180 1785 248 1809 laicis
265 1785 431 1809 detinentibus
448 1785 556 1809 decimas
574 1790 597 1809 et
613 1785 699 1809 dolose
718 1790 857 1817 procurant,
882 1789 908 1808 ut
930 1785 989 1809 fiant
1012 1785 1047 1808 in-

108 1820 260 1844 feudationes
282 1820 312 1843 de
336 1820 394 1851 ipsis
416 1825 439 1843 et
461 1820 535 1843 iidem
558 1820 612 1843 laici
634 1828 660 1843 se
686 1820 740 1843 illas
761 1820 793 1843 ab
814 1820 907 1844 eisdem
928 1820 1048 1850 religiosis

107 1858 191 1878 tenere
208 1855 232 1877 in
250 1854 350 1878 feudum
372 1859 558 1885 recognoscant,
584 1859 704 1885 quatenus
726 1854 760 1878 sic
782 1854 813 1877 ad
834 1854 961 1885 religiosos
983 1855 1048 1886 ipsos

106 1889 208 1913 eaedem
225 1889 335 1912 decimae
352 1889 444 1920 absque
461 1897 579 1913 consensu
600 1889 772 1920 episcoporum
793 1889 889 1912 valeant
911 1889 1044 1920 pervenire.

109 1924 135 1947 Si
158 1924 257 1955 quando
279 1924 353 1947 etiam
375 1927 451 1947 terras
472 1932 534 1955 quae
559 1924 740 1955 parochialibus
761 1923 869 1947 ecclesiis
889 1923 984 1947 fuerant
1006 1924 1047 1946 de-

107 1958 218 1987 cimales,
243 1958 383 1989 acquirunt,
408 1958 494 1981 nolunt
516 1962 601 1989 postea
622 1958 653 1981 de
676 1958 723 1981 illis
745 1958 852 1981 decimas
870 1958 908 1982 vel
926 1958 1048 1982 decimam

106 1993 212 2023 integre,
232 1993 274 2016 sed
296 1998 336 2016 aut
359 1992 431 2021 nihil,
452 1997 493 2016 aut
515 1993 595 2016 solum
612 1993 762 2023 trigesimam
779 1993 818 2016 vel
835 1993 1048 2024 quadragesimam

107 2027 228 2051 exhibere.
269 2028 352 2057 Quum
369 2035 427 2050 vero
445 2027 549 2051 maiores
565 2027 684 2056 decimas,
702 2028 752 2051 sive
770 2035 866 2055 omneS,
883 2027 934 2051 sive
951 2027 1047 2051 illatum

106 2067 201 2093 partem
215 2062 354 2093 acquirunt,
371 2062 409 2085 ve]
423 2066 604 2093 consequuntur
616 2070 630 2085 a
643 2062 722 2090 laicis,
738 2062 759 2085 si
775 2062 933 2093 postmodum
950 2062 1049 2085 novalia

107 2097 141 2120 ibi
154 2097 222 2124 fiant,
239 2100 352 2127 satagunt
366 2104 395 2120 ex
408 2096 456 2119 illis
468 2096 559 2120 habere
571 2096 690 2125 decimas,
708 2105 752 2127 pro
765 2104 794 2119 ea
806 2101 886 2127 parte,
904 2105 952 2127 qua
964 2096 1047 2120 liuius-

107 2131 175 2154 modi
192 2132 297 2154 maiores
313 2131 462 2162 percipiunt,
483 2131 539 2154 licet
557 2131 603 2161 ipsi
621 2131 676 2154 laici
698 2131 759 2154 nihil
781 2131 882 2154 omnino
903 2136 986 2162 petere
1008 2131 1047 2154 vel

107 2166 202 2197 exigere
220 2169 319 2197 possent
336 2166 367 2189 de
384 2165 485 2188 decimis
501 2165 626 2188 novalium
643 2165 785 2189 eorundem.
825 2165 944 2188 volentes
965 2166 1047 2196 itaque

106 2204 191 2224 contra
208 2200 268 2223 haec
284 2208 323 2231 ap.
344 2200 485 2230 diligentia,
505 2200 567 2223 sicut
585 2200 694 2231 expedit,
715 2199 856 2231 providere:
876 2200 1004 2223 statuimus
1016 2200 1047 2223 de

105 2235 133 2258 sr.
150 2243 174 2259 n.
195 2243 269 2263 consu,
290 2239 316 2258 ut
333 2242 393 2266 pure
409 2242 438 2258 ae
454 2234 545 2257 munde
562 2234 696 2257 secundum
710 2235 791 2258 Deum
809 2233 850 2257 fiat
868 2235 992 2257 concessio
1005 2242 1047 2258 Seu

106 2269 206 2293 collatio
223 2270 375 2300 prioratuum
392 2269 426 2292 ita
438 2269 504 2300 quod
522 2269 596 2300 precii
610 2269 720 2298 datione,
742 2269 780 2292 vel
794 2269 838 2292 sub
855 2269 969 2299 pactione
986 2269 1046 2292 nulli

106 2304 240 2332 tradantur,
255 2304 296 2327 sed
311 2304 334 2327 in
345 2311 430 2327 corum
443 2303 599 2327 concessione
609 2304 706 2334 penitus
716 2303 761 2326 ista
774 2308 875 2331 cessent,
889 2303 1047 2334 prohibentes

105 2347 137 2362 ne
158 2339 183 2362 in
206 2338 315 2362 fraudem
340 2338 398 2369 ipsis
422 2338 570 2369 prioratibus
591 2346 666 2369 quum
691 2346 732 2361 cos
754 2345 839 2361 vacare
860 2338 979 2368 contingit
1005 2337 1045 2361 fiat

106 2374 208 2397 alicuius
230 2373 310 2396 oneris
331 2373 457 2404 impositio
479 2372 509 2395 ad
532 2376 628 2403 tempus
650 2372 688 2395 vel
710 2376 828 2403 perpetuo
849 2372 976 2401 duratura,
1002 2380 1046 2396 nec

105 2408 179 2431 etiam
193 2412 322 2439 postquam
338 2407 361 2430 in
375 2407 409 2430 eis
422 2407 514 2438 priores
527 2406 614 2430 suerint
629 2407 742 2435 instituti,
763 2407 835 2430 dictis
848 2407 994 2437 prioratibus
1008 2407 1046 2430 vel

105 2443 164 2474 ipsis
177 2442 299 2474 prioribus
311 2442 393 2473 aliqua
406 2450 449 2472 per
461 2441 570 2469 abbates,
591 2441 642 2464 sive
655 2446 780 2472 perpetua,
800 2441 850 2464 sive
863 2441 1009 2472 temporalia
1022 2441 1046 2464 in

104 2477 275 2509 pensionibus,
292 2477 330 2500 vel
343 2476 529 2507 quibuscunque
541 2476 595 2499 aliis
612 2476 818 2507 praestationibus
831 2483 905 2499 onera
917 2475 1045 2507 imponan-

106 2517 155 2540 tur,
177 2519 220 2543 per
237 2519 300 2542 quae
316 2511 340 2534 in
359 2510 406 2533 illis
423 2510 502 2534 cultus
520 2510 616 2533 divinus
629 2510 694 2534 circa
706 2518 834 2534 numerum
847 2510 990 2533 smitomm
1004 2515 1044 2534 aut

105 2550 221 2570 consueta
242 2545 397 2577 hospitalitas
418 2545 553 2573 minuatur,
578 2545 617 2568 vel
639 2552 683 2576 per
703 2553 766 2576 quae
791 2545 837 2575 ipsi
862 2544 982 2575 prioratus
1003 2552 1044 2568 seu

104 2581 198 2613 priores
215 2581 348 2604 reddantur
365 2580 396 2603 ad
413 2579 559 2603 solvendum
576 2580 705 2602 commode
722 2579 773 2603 iura
790 2579 939 2610 episcopalia
952 2583 975 2602 et
990 2587 1044 2610 pro-

104 2615 264 2647 sequendum,
292 2618 318 2638 ut
340 2614 461 2643 convenit,
490 2613 623 2637 eorundem
645 2614 697 2637 iura
718 2614 869 2645 prioratuum
887 2613 1040 2644 impotentes.

106 2650 179 2681 Quod
205 2650 224 2673 si
250 2657 319 2673 secus
345 2653 511 2680 praesumtum
539 2648 607 2671 suerit
634 2653 813 2679 praesumtores
834 2647 973 2671 huiusmodi
996 2656 1044 2672 non

104 2685 212 2716 exempti
234 2692 278 2715 per
299 2684 409 2707 locorum
430 2683 566 2706 ordinarios
587 2687 721 2712 arceantur,
747 2687 769 2706 et
792 2683 811 2705 si
833 2682 953 2713 prioratus
974 2682 1044 2707 fucrit

105 2720 204 2743 alterius
228 2718 347 2742 dioecesis
376 2725 450 2749 quam
476 2717 616 2741 monasterii
641 2717 679 2740 cui
704 2717 793 2746 subest,
822 2717 885 2740 circa
909 2717 1043 2748 prioratum

104 2754 185 2785 ipsum
211 2754 235 2777 in
259 2753 297 2776 his
321 2753 480 2776 dioecesanus
504 2752 555 2775 cius
580 2752 718 2783 provideat,
751 2752 868 2781 corrigat,
900 2752 995 2775 ordinet
1020 2756 1043 2776 et

105 2789 218 2820 disponet
240 2792 262 2812 et
285 2787 316 2811 ad
337 2787 402 2811 illius
423 2786 633 2810 denuntiationem
655 2786 814 2810 dioecesanus
838 2786 979 2810 monasterii
1000 2786 1043 2810 ab·

105 2823 189 2846 batem
199 2823 250 2846 eius
259 2822 372 2846 cohibeat
384 2822 407 2845 in
418 2821 565 2853 praemissis,
583 2821 656 2844 Tales
667 2829 724 2844 vero
734 2824 930 2852 praesumptores
936 2822 1044 2852 exempti

105 2862 292 2889 compescantur
308 2865 352 2888 per
365 2856 427 2885 illos,
445 2864 506 2887 quos
522 2855 554 2878 ad
569 2855 615 2879 hoc
628 2855 769 2879 duxerimus
785 2855 946 2886 deputandos,
968 2864 1043 2887 quum

105 2892 208 2916 velimus
219 2892 266 2916 hac
278 2892 332 2915 vice
344 2895 429 2920 certas,
445 2890 578 2922 prudentes
591 2894 613 2913 et
627 2890 743 2914 discretas
756 2897 871 2921 personas
884 2897 927 2921 per
936 2890 1044 2921 singulas

105 2930 210 2950 statuere
231 2926 381 2958 provincias,
409 2933 472 2957 quae
493 2925 546 2948 vice
567 2929 649 2948 nostra
670 2925 702 2948 de
723 2925 760 2948 his
782 2925 845 2948 circa
866 2928 992 2956 exemptos
1013 2925 1043 2949 dc

104 2961 180 2993 plano
192 2969 247 2985 cum
260 2961 395 2985 attentione
408 2960 538 2991 inquirant,
561 2963 702 2983 revocantes
715 2959 812 2991 penitus
825 2959 858 2982 sic
875 2963 1039 2990 praesumpta,

105 2999 129 3019 et
146 2996 212 3027 ipsos
228 3000 356 3027 exemptos
372 2996 398 3019 in
410 2995 501 3019 talibus
517 2998 664 3018 coercentes.
704 2994 731 3017 Si
745 3002 802 3018 vero
818 2993 920 3017 abbates
936 2994 1044 3025 exempti

156 3080 208 3100 Tit.
223 3081 284 3100 XIII.
312 3080 374 3105 Cap.
388 3081 416 3099 Π.
444 3079 465 3104 1)
475 3079 537 3100 add„-
550 3080 655 3100 ulterius:
669 3078 702 3100 AC
709 3078 760 3104 oriq.

105 3104 126 3131 Β)
135 3105 197 3126 add..·
210 3106 267 3128 alia:
281 3106 342 3127 codd.
352 3105 397 3127 coll.
407 3107 458 3132 arey.

437 256 545 283 SEXTI
563 255 773 283 DECRETAL.
792 256 858 283 LIB.
877 256 921 283 111.
940 255 1010 282 TIT.
1029 256 1100 283 XIII.
1118 257 1192 284 XIV.
1212 257 1263 284 DE
1281 258 1544 286 REGULARIBUS
1564 263 1615 286 etc.
1635 267 1658 285 c.
1681 268 1702 286 1.

842 3078 864 3099 2)
873 3080 959 3104 posset:
973 3077 1076 3099 ABODffl
1085 3079 1135 3105 on'y.

1960 259 2028 286 1050

1088 335 1173 361 talem
1190 335 1412 362 infeudationem
1429 337 1475 363 vel
1492 337 1723 371 recognitionem,
1741 338 1780 363 sic
1797 337 1834 363 de
1851 337 1925 363 sacto
1947 345 2026 371 prae-

1087 374 1237 404 sumptam,
1250 371 1409 397 huiusmodi
1426 371 1549 398 decimas
1563 372 1599 398 de
1612 372 1740 398 manibus
1753 371 1888 398 laicorum
1901 372 2026 406 ipsorum

1087 405 1242 438 acquirere,
1254 406 1299 431 vel
1313 406 1438 439 recipere
1456 406 1565 440 absque
1581 406 1813 432 dioecesanorum
1826 407 2026 440 episcoporum

1087 447 1214 465 assensu.
1252 440 1314 465 Illas
1336 445 1431 466 autem
1454 440 1577 466 decimas
1601 441 1779 474 intelligimus
1802 449 1888 474 posse
1905 441 2026 467 talitera

1087 473 1224 507 religiosis
1239 474 1275 500 de
1292 475 1421 500 manibus
1438 475 1571 500 laicorum
1585 475 1670 509 recipi
1684 475 1728 501 vel
1745 475 1861 509 acquiri,
1875 483 1948 509 quae
1961 479 2026 501 ante

1087 508 1275 535 Lateranense
1288 509 1436 534 concilium
1450 509 1517 543 ipsis
1531 509 1608 535 laicis
1621 510 1649 535 in
1667 509 1781 536 feudum
1795 514 1932 544 perpetuo
1947 509 2026 536 fuere

1088 551 1247 569 concessae.
1275 542 1296 577 ξ.
1310 549 1353 575 4.<¹
1366 543 1535 569 Dioecesani
1549 552 1614 570 vero
1628 544 1831 577 parochialium
1844 544 2026 570 ecclesiarum

1087 577 1123 602 ad
1148 578 1360 611 requisitionem
1384 582 1525 603 rectorum
1554 578 1708 604 earundem
1732 579 1768 605 de
1792 578 1862 612 ipsis
1887 578 2025 612 religiosis

1088 619 1172 644 super
1185 612 1310 644 decimis,
1325 620 1394 646 quas
1408 612 1513 638 habent
1526 612 1571 638 vel
1584 621 1633 638 eos
1649 613 1754 639 habere
1767 613 1937 646 continget³,
1952 621 2025 647 quae

1088 646 1201 679 quidem
1215 646 1284 672 alias
1297 646 1334 672 ad
1351 647 1427 680 ipsas
1446 651 1644 680 spectaverunt
1661 647 1804 679 ecclesias,
1817 647 1869 673 nisi
1887 647 1923 673 de
1940 647 2024 673 rebus

1087 680 1224 714 exemptis
1247 685 1356 713 agatur,
1374 681 1524 706 exhibeant
1544 681 1666 707 iustitiae
1688 682 1935 715 complementum.
1964 681 1986 716 ξ.
2001 689 2024 714 5.

1087 715 1219 740 Ceterum
1233 715 1319 741 iidem
1332 715 1464 748 religiosi,
1475 720 1532 741 tam
1542 716 1663 749 exempti
1679 724 1763 749 quam
1776 724 1832 741 non
1845 724 1925 742 exem
1948 716 1977 749 ti,
1989 716 2025 742 de

1087 749 1168 775 terris
1185 754 1214 775 et
1231 749 1458 783 possessionibus
1476 749 1619 783 acquisitis
1642 750 1777 776 hactenus
1795 754 1824 776 et
1840 759 1857 776 a
1873 759 1919 776 mo
1943 758 1959 776 o
1981 758 2025 776 ac-

1087 783 1230 817 quirendis
1253 784 1376 810 decimas
1402 784 1511 817 integre
1536 784 1660 809 solvantr
1685 784 1738 810 illis
1763 785 1899 817 ecclesiis,
1922 785 2024 818 quibus

1086 818 1204 844 eaedem
1222 818 1418 852 possessiones
1432 823 1460 844 et
1477 823 1568 844 terrae
1582 818 1658 852 prius
1672 818 1783 844 fuerant
1796 819 1958 852 decimales,
1971 819 2024 844 nisi

1086 861 1171 886 super
1183 853 1237 878 hoc
1252 853 1366 886 speciali
1380 853 1439 878 iure
1451 853 1497 878 vel
1510 852 1656 886 privilegio
1671 853 1725 878 sint
1737 854 1845 879 muniti.
1878 853 1899 887 ξ.
1911 856 1935 879 6.
1964 854 2024 879 Nec

1087 895 1137 920 pro
1151 895 1195 919 eo,
1207 887 1283 921 quod
1298 887 1370 913 forte
1384 887 1411 912 in
1424 887 1564 920 aliquibus
1578 887 1718 920 parochiis
1731 896 1828 913 omnes
1842 888 1962 914 maiores
1977 887 2025 913 de-

1087 922 1172 947 cimas
1186 929 1236 947 seu
1254 926 1363 955 partem
1381 921 1491 947 illarum
1504 921 1668 954 acquirunt4
1684 921 1719 947 de
1736 922 1866 947 manibus
1883 922 2025 954 laicorum,

1086 961 1205 990 possunt
1226 964 1277 989 pro
1299 957 1400 982 eadem
1422 956 1468 982 vel
1489 955 1571 981 simili
1594 956 1732 989 portione,
1750 956 1773 981 si
1795 956 1831 982 de
1852 965 1926 982 novo
1948 961 2024 990 post-

1085 990 1202 1016 modum
1224 990 1291 1016 fiant
1312 990 1430 1022 novalia,
1450 990 1477 1015 in
1499 989 1607 1016 eisdem
1629 995 1727 1024 petere
1747 990 1793 1016 vel
1814 991 1960 1024 percipere
1977 999 2026 1016 no—

1085 1025 1189 1051 valium
1206 1024 1330 1050 decimas
1353 1024 1533 1056 eorundem5,
1555 1024 1643 1050 nisifi*
1666 1025 1848 1058 rationabilis,
1870 1034 1920 1059 per
1941 1034 2026 1059 quam

1086 1060 1140 1085 hoc
1153 1059 1246 1086 facere
1259 1059 1379 1092 valeant,
1393 1067 1478 1085 causa
1491 1058 1591 1085 subsit.

1388 1164 1613 1194 TITULUS
1644 1165 1722 1193 XIV.

1101 1222 1157 1248 DE
1176 1222 1484 1249 REGULARIBUS
1503 1223 1557 1248 ET
1574 1221 1938 1250 TRANSEUNTIBUS
1956 1223 2013 1249 AD

1417 1265 1698 1292 RELIGIONEM.

1505 1335 1579 1355 CAP.
1593 1336 1610 1355 1.

1084 1369 1107 1388 Si
1118 1369 1192 1388 minor
1202 1369 1260 1389 XIV.
1270 1369 1336 1388 aunis
1351 1369 1476 1394 ingreditur
1490 1370 1630 1394 religionem,
1645 1370 1668 1389 in
1679 1370 1727 1390 XV.
1737 1376 1797 1390 anno
1812 1370 1869 1390 liber
1879 1371 1932 1394 exit,
1947 1371 1991 1390 nisi
2002 1371 2025 1390 in

1083 1396 1131 1419 ipso
1142 1396 1189 1415 XV.
1200 1401 1259 1414 anno
1269 1396 1431 1419 professionem
1443 1396 1528 1418 fecerit,
1540 1396 1576 1415 vel
1587 1396 1688 1415 habitum
1698 1397 1849 1420 professorum
1861 1398 1977 1420 receperit,
1989 1397 2024 1416 vel

1084 1426 1188 1445 expresse
1206 1423 1277 1440 ratam
1296 1422 1400 1440 habuerit
1418 1422 1580 1445 professionem
1599 1423 1659 1445 prius
1675 1428 1688 1441 a
1702 1428 1726 1441 se
1741 1422 1830 1442 factam.
1858 1422 1882 1442 Si
1897 1424 1971 1442 autem
1986 1429 2026 1446 per

1083 1449 1154 1466 totum
1169 1447 1217 1467 XV.
1232 1452 1315 1466 anuum
1335 1448 1433 1471 portavit
1451 1448 1559 1471 habitum,
1578 1448 1617 1467 ubi
1632 1453 1678 1466 non
1693 1450 1727 1467 est
1741 1448 1872 1467 distinctus:
1890 1449 2025 1472 intelligitur

1082 1473 1201 1497 professus,
1221 1474 1265 1491 nisi
1278 1474 1342 1492 tauta
1356 1473 1384 1491 sit
1399 1473 1546 1497 indistinctio,
1562 1474 1620 1497 quod
1634 1475 1737 1493 viventes
1752 1480 1802 1493 eum
1817 1475 1849 1493 eis
1863 1474 1933 1493 simili
1948 1474 2025 1493 habitu

1083 1499 1212 1518 induantur.
1240 1499 1264 1518 Si
1274 1500 1346 1518 maior
1356 1499 1414 1518 XIV.
1425 1500 1491 1518 annis
1506 1500 1637 1524 ingreditur,
1652 1500 1671 1518 si
1685 1501 1759 1523 portat
1769 1500 1869 1519 habitum
1879 1505 1919 1523 per
1928 1506 2025 1519 annum:

1082 1527 1279 1549 quantumcunque
1297 1525 1326 1543 sit
1345 1525 1494 1547 indistinctuS,
1515 1525 1648 1549 intelligitur
1666 1526 1786 1549 professus.
1817 1526 1896 1545 Ioann.
1914 1526 1985 1546 Andr.
2000 1537 2025 1542 -·

1216 1552 1235 1573 ξ.
1246 1552 1264 1570 1.
1274 1551 1317 1570 Hic
1328 1550 1433 1574 declarat,
1445 1551 1482 1575 qui
1493 1553 1545 1570 suut
1554 1551 1643 1570 habitus
1654 1552 1762 1571 distincti.
1789 1552 1839 1571 Hoc
1849 1552 1892 1572 die.

1400 1602 1617 1628 Innocentius
1636 1602 1704 1628 IV.a

1151 1645 1186 1678 Is,
1208 1645 1256 1679 qui
1277 1645 1480 1671 monasterium
1501 1649 1567 1672 ante
1589 1645 1662 1672 XIV.
1684 1653 1798 1679 annum,
1820 1650 1851 1672 ut
1870 1645 2025 1673 monachus

1083 1750 1183 1780 suerint,
1205 1750 1327 1782 prioratus
1344 1753 1425 1774 autem
1443 1758 1493 1774 non
1510 1751 1629 1782 exempti,
1646 1750 1706 1774 dicti
1718 1749 1826 1775 ‘abbates
1837 1759 1882 1783 per
1893 1751 1959 1783 ipsas
1971 1760 2025 1783 per-

1083 1793 1155 1809 sonas
1172 1785 1356 1809 constituendas
1372 1793 1387 1808 a
1403 1785 1485 1814 nobis,
1506 1785 1707 1809 denuntiantibus
1723 1786 1874 1809 dioecesanis
1891 1787 2025 1810 eorundem

1084 1820 1236 1851 prioratuum
1254 1823 1447 1851 compescantur.
1492 1820 1628 1843 Statuinius
1645 1820 1754 1851 insuper,
1775 1824 1801 1844 ut
1818 1821 1951 1851 praemissa
1967 1829 2025 1845 con-

1083 1855 1177 1878 stitutio
1189 1855 1221 1877 ab
1234 1854 1322 1878 eodem
1335 1854 1522 1886 praedecessore
1539 1858 1623 1878 nostro
1640 1854 1704 1878 circa
1721 1859 1847 1886 exemptos
1864 1855 1937 1884 edita,
1958 1856 2025 1879 vide-

1083 1889 1147 1918 licet,
1168 1889 1235 1920 quod
1252 1889 1299 1920 ipsi
1316 1889 1423 1920 exempti
1436 1893 1653 1920 quantumcunque
1665 1889 1788 1919 gaudeant
1806 1889 1919 1913 libertate
1936 1890 2024 1914 nihilo-

1084 1924 1164 1947 minus
1176 1928 1259 1946 tamen
1272 1923 1366 1947 ratione
1376 1924 1466 1953 delicti,
1488 1924 1539 1947 sive
1553 1927 1698 1952 contractus,
1719 1928 1760 1947 aut
1774 1924 1815 1953 rei,
1836 1924 1867 1947 de
1880 1933 1929 1955 qua
1941 1929 2026 1949 contra

1083 1958 1149 1989 ipsos
1162 1958 1249 1989 agitur,
1266 1958 1311 1981 rite
1324 1962 1425 1989 possunt
1439 1966 1522 1981 coram
1538 1958 1649 1982 locorum
1662 1958 1791 1981 ordinariis
1804 1959 1935 1988 conveniri,
1953 1963 1975 1982 et
1989 1960 2024 1983 illi

1083 1993 1164 2024 quoad
1182 1993 1243 2016 haec
1259 2000 1329 2016 suam
1346 1993 1370 2015 in
1387 1993 1454 2024 ipsos
1470 1993 1663 2016 iurisdictionem
1680 1997 1752 2024 prout
1769 1993 1805 2016 ius
1823 1993 1897 2024 exigit
1915 2002 2025 2018 exercere

1083 2027 1192 2058 plenarie
1209 2027 1234 2050 in
1250 2027 1298 2050 hoc
1314 2030 1337 2050 et
1355 2027 1420 2056 aliis,
1442 2035 1505 2058 quae
1518 2028 1571 2058 ipsa
1588 2027 1730 2051 constitutio
1743 2027 1863 2057 continet,
1884 2028 2025 2052 observetur

1082 2069 1132 2085 non
1149 2061 1304 2085 obstantibus
1320 2062 1470 2092 quibuslibet
1488 2062 1621 2093 privilegiis
1638 2062 1690 2085 sive
1706 2062 1866 2093 indulgentiis
1883 2063 2025 2094 apostolicis

1082 2101 1167 2120 contra
1179 2104 1233 2119 eam
1251 2096 1409 2127 postmodum
1427 2096 1570 2127 impetratis.
1611 2096 1772 2120 Decernimus
1785 2105 1890 2128 quoque,
1911 2102 1937 2121 ut
1953 2098 1973 2121 si
1990 2098 2022 2127 hi,

1083 2131 1124 2161 qui
1137 2138 1164 2154 se
1177 2135 1286 2154 asserunt
1305 2138 1348 2162 per
1365 2130 1500 2162 privilegia,
1522 2131 1561 2154 vel
1574 2131 1739 2161 indulgentias
1752 2139 1791 2162 ap.
1809 2131 1873 2155 sedis
1886 2136 2020 2163 exemptos,

1082 2165 1113 2188 de
1126 2173 1231 2196 quorum
1244 2173 1287 2188 sua
1300 2165 1457 2196 exemptione
1474 2173 1516 2189 seu
1533 2165 1646 2188 libertate
1659 2173 1709 2189 non
1722 2170 1829 2195 constat,
1850 2166 1889 2189 vel
1902 2167 1943 2198 qui
1956 2167 2023 2191 vide-

1082 2199 1138 2223 licet
1156 2200 1179 2222 in
1198 2199 1360 2230 exemptionis
1377 2207 1419 2223 seu
1436 2199 1556 2223 libertatis
1577 2200 1731 2231 possessione
1752 2208 1796 2231 per
1816 2200 1890 2231 longa
1912 2205 2023 2232 tempora

1082 2242 1131 2257 non
1148 2234 1251 2263 suerunt,
1269 2242 1282 2257 a
1300 2234 1410 2257 locorum
1424 2234 1552 2257 ordinariis
1565 2234 1674 2266 requisiti
1691 2234 1831 2258 huiusmodi
1844 2235 1972 2266 privilegia
1985 2237 2023 2260 vel

1082 2268 1258 2299 indulgentias,
1285 2269 1373 2300 quibus
1394 2268 1477 2292 dicunt
1500 2277 1525 2292 se
1547 2268 1598 2292 fore
1619 2269 1734 2298 munitos,
1759 2269 1847 2293 saltem
1864 2270 1946 2301 quoad
1968 2270 2023 2294 illos

1082 2303 1197 2326 articulos
1214 2311 1286 2334 super
1303 2303 1391 2334 quibus
1407 2303 1519 2334 quaestio
1536 2303 1575 2327 vel
1592 2304 1758 2327 controversia
1775 2303 1857 2333 fuerit,
1883 2305 1941 2335 ipsis
1958 2305 2022 2328 ordi-

1082 2338 1155 2361 nariis
1172 2338 1196 2361 in
1213 2337 1268 2361 loco
1285 2345 1393 2368 congruo
1410 2341 1434 2361 et
1451 2345 1547 2366 secum,
1572 2338 1612 2361 vel
1629 2338 1751 2369 aliquibus
1772 2338 1933 2369 prudentibus
1954 2339 2018 2369 viris,

1081 2372 1148 2395 omni
1166 2372 1304 2403 suspicione
1317 2372 1462 2401 carentibus,
1479 2373 1510 2396 ad
1527 2372 1574 2396 hoc
1591 2380 1635 2404 per
1647 2373 1726 2396 dictos
1739 2373 1875 2396 ordinarios
1888 2373 2019 2404 deputatis,

1081 2414 1130 2429 non
1144 2406 1305 2430 exhibuerunt
1319 2407 1357 2430 vel
1370 2407 1528 2436 ostenderint,
1545 2410 1568 2430 et
1581 2407 1656 2430 iidem
1670 2407 1787 2431 ordinarii
1799 2415 1843 2430 sua
1856 2407 2022 2432 iurisdictione

1080 2441 1117 2464 usi
1131 2440 1218 2464 suerint
1230 2445 1314 2464 contra
1327 2449 1379 2470 eos,
1400 2449 1557 2473 nequaquam
1573 2446 1630 2465 tunc
1648 2442 1693 2473 ipsi
1707 2442 1822 2465 ordinarii
1835 2441 1881 2465 hac
1893 2442 2022 2466 occasione

1081 2483 1125 2507 per
1140 2479 1322 2499 conservatores
1339 2484 1352 2499 a
1371 2476 1435 2499 Sede
1452 2476 1500 2499 illis
1516 2476 1647 2508 deputatos
1664 2476 1750 2500 eadem
1771 2476 1895 2499 molestari
1913 2476 2017 2506 valeant,

1081 2515 1120 2533 aut
1134 2510 1289 2541 aliquatenus
1302 2510 1423 2541 impediri,
1445 2511 1503 2542 quin
1518 2511 1594 2534 immo
1611 2511 1754 2538 sententiae,
1771 2510 1809 2534 vcl
1823 2518 1949 2542 processus
1962 2519 2019 2535 con-

1081 2549 1231 2568 servatorum
1244 2545 1353 2576 ipsorum
1366 2553 1436 2576 quae,
1457 2545 1495 2569 vel
1508 2546 1549 2577 qui
1563 2545 1674 2577 prolatae
1686 2553 1728 2568 seu
1741 2545 1818 2568 babiti
1832 2545 1919 2569 suerint
1935 2550 2020 2570 contra

1080 2579 1180 2603 eosdem
1202 2579 1346 2609 ordinarios,
1371 2580 1395 2603 in
1415 2579 1462 2604 hoc
1484 2588 1541 2604 casu
1563 2580 1663 2603 omnino
1685 2587 1734 2602 non
1756 2583 1854 2603 teneant
1876 2580 2019 2612 nullumque

1079 2614 1154 2638 robur
1166 2614 1272 2638 habeant
1286 2614 1325 2638 vel
1338 2614 1454 2645 vigorem.
1523 2613 1549 2645 b)
1564 2615 1605 2638 Ad
1618 2614 1678 2637 haec
1690 2618 1792 2637 statuto:
1806 2612 1868 2645 oriy.
1921 2613 1945 2645 c)
1958 2623 2020 2646 quo:

1079 2647 1111 2672 ib.
1190 2647 1216 2680 d)
1231 2649 1300 2680 ipsis:
1316 2647 1348 2672 il).
1431 2648 1454 2681 e)
1467 2657 1524 2673 nec:
1542 2647 1572 2672 il).
1655 2646 1674 2680 t)
1689 2647 1762 2671 adds
1779 2656 1824 2672 nec
1841 2648 1969 2673 credibile:
1986 2648 2018 2673 ib.

1078 2682 1105 2715 g)
1118 2686 1153 2707 ct:
1166 2682 1246 2707 deest:
1260 2681 1291 2707 ib.
1335 2682 1362 2715 h)
1376 2692 1431 2707 nov.
1442 2693 1448 2707 :
1460 2683 1539 2707 deest:
1553 2682 1584 2707 z'b.
1624 2681 1642 2714 i)
1655 2683 1786 2706 habeatur:
1798 2681 1830 2706 ib.
1870 2681 1898 2714 k)
1912 2683 1974 2707 imo:
1986 2682 2018 2708 ib.

1079 2716 1098 2749 l)
1111 2718 1246 2749 gravamini
1256 2718 1323 2750 quod
1333 2726 1362 2742 ex
1372 2718 1536 2742 distensione:
1549 2716 1581 2741 ib.
1618 2715 1652 2749 m)
1661 2717 1784 2740 obvietur:
1797 2715 1828 2740 ib.
1864 2716 1891 2749 n)
1905 2718 2019 2749 astringi:

1078 2751 1110 2776 ib.
1158 2751 1183 2784 o)
1197 2760 1241 2784 per
1253 2771 1258 2776 .
1273 2771 1278 2776 .
1293 2771 1299 2776 .
1316 2753 1368 2777 ord.
1381 2762 1386 2776 :
1400 2752 1480 2776 deest:
1494 2751 1524 2776 ib.
1566 2750 1591 2783 p)
1605 2751 1650 2775 hoc
1664 2750 1720 2774 loen
1733 2750 1759 2774 ιή
1773 2750 1807 2775 ,Π
1815 2750 1949 2775 inseritur.-
1962 2753 2017 2777 abs-

1078 2795 1125 2818 que
1138 2787 1339 2811 dioecesanorum
1356 2787 1528 2819 cpiscoporum
1544 2794 1641 2810 assensu
1660 2785 1711 2809 fieri
1728 2786 1829 2809 omnino
1842 2793 1891 2809 non
1905 2791 2015 2817 possunt,

1078 2829 1123 2845 nec
1147 2822 1203 2846 licet
1228 2822 1286 2853 ipsis
1311 2822 1429 2853 religiosis
1453 2821 1593 2845 huiusmodi
1614 2820 1722 2844 decimas
1746 2824 1799 2851 post
1826 2820 2018 2846 infeudationem

1079 2855 1168 2880 factam
1181 2857 1213 2880 ab
1226 2857 1260 2880 eis
1271 2857 1309 2880 vel
1322 2856 1515 2887 recognitionem
1529 2855 1667 2879 huiusmodi
1680 2855 1711 2878 ab
1721 2854 1775 2885 ipso
1785 2855 1906 2886 principio
1917 2856 2016 2887 quando

1078 2891 1192 2915 videlicet
1204 2891 1269 2915 facta
1281 2891 1325 2915 suit
1338 2890 1472 2914 eomndem
1481 2890 1681 2913 dioecesanorum
1694 2889 1852 2913 intervenisse
1861 2897 1973 2915 assensus
1982 2904 2016 2908 -—

1079 2923 1104 2957 q)
1119 2927 1141 2955 ἓ.
1155 2933 1178 2956 4.
1189 2935 1195 2949 :
1207 2925 1286 2949 deest:
1300 2924 1364 2956 orig).
1434 2923 1455 2956 r)
1469 2924 1620 2956 persolvant:
1633 2922 1664 2947 ih.

1147 2960 1204 2984 Tit.
1226 2960 1298 2984 XIV.
1319 2960 1389 2991 Cap.
1410 2959 1430 2982 1.
1503 2957 1528 2990 a)
1546 2959 1611 2982 Guil.
1632 2958 1657 2981 in
1675 2958 1746 2989 Spec.
1767 2958 1822 2982 eod.
1843 2958 1881 2983 tit.
1898 2967 1976 2984 vers:
1991 2963 2015 2984 et

1078 2995 1140 3019 scias
1168 2993 1276 3024 dicebat',
1309 2995 1372 3017 hanc
1400 2993 1548 3017 decretalem
1577 2992 1650 3016 fuisse
1675 2993 1788 3024 Gregorii
1813 2993 1860 3017 lx.
1869 3002 1876 3023 ;
1903 2994 1946 3018 scd
1971 2994 2016 3018 suit

1215 3079 1371 3104 :Deontigeriu
1385 3077 1423 3099 CJI
1497 3077 1519 3103 4)
1533 3078 1661 3105 acquirant:
1676 3076 1713 3098 120
1787 3077 1809 3105 5)
1819 3078 1952 3100 earundem:
1966 3078 2018 3102 ABG
