2243 3288
818 625 1045 671 LIBER
1102 625 1404 673 SEXTUS

534 766 1686 831 DECRETALIUM

681 920 884 951 DOMINI
920 920 1202 953 BONIFACII
1238 921 1411 953 PAPAE
1444 921 1541 952 VIII.

802 1084 1420 1148 BONIFACIUS,

331 1187 499 1225 Episcopus
518 1197 619 1217 servus
638 1197 788 1216 servorum
807 1189 874 1223 Dei,
893 1189 1011 1217 dilectis
1030 1189 1097 1217 filiis
1118 1189 1290 1218 doctoribus
1309 1194 1338 1218 et
1358 1190 1542 1219 scholaribus
1562 1191 1705 1220 universis
1724 1191 1889 1220 Bononia&

648 1240 899 1269 commorantibus
919 1240 1044 1269 salutem
1064 1246 1093 1269 et
1113 1241 1307 1278 apostolicam
1325 1242 1575 1271 benedictionem.

250 1334 518 1370 Sacrosanctae
543 1335 735 1370 Romanae
760 1334 946 1372 ecclesiae.
972 1348 1083 1382 quam
1108 1335 1437 1382 imperscrutabilis
1461 1337 1610 1372 divinae
1635 1336 1892 1384 providentiae
1916 1338 2071 1375 altitudo

146 1395 329 1430 universis
349 1394 593 1442 dispositione
619 1394 909 1430 incommutabili
935 1395 1109 1443 praetulit
1133 1395 1298 1431 ecclesiis
1319 1405 1355 1432 et
1379 1397 1492 1433 totius
1517 1398 1617 1433 orbis
1642 1397 1881 1445 praecipuum
1901 1399 2070 1434 obtinere

146 1455 263 1491 voluit
286 1455 554 1502 magistratum.
584 1455 755 1503 regimini
786 1455 1052 1502 praesidentes.
1082 1456 1177 1492 curis
1201 1456 1443 1493 sollicitamur
1467 1457 1660 1498 continuis,
1690 1466 1727 1493 et
1750 1458 1898 1494 assidua
1917 1459 2070 1495 medita-

146 1515 247 1551 tione
276 1528 459 1563 urgemur.
494 1523 534 1550 ut
562 1515 664 1550 iuxta
693 1515 855 1551 creditae
884 1516 991 1551 nobis
1020 1516 1309 1563 dispensationis
1339 1518 1500 1554 officium
1528 1518 1761 1554 subditorum
1789 1519 2002 1557 commodis.
2034 1519 2069 1555 in

146 1589 302 1624 quorum
330 1575 577 1623 prosperitate
606 1576 733 1623 utique
762 1589 1032 1624 prosperamur.
1062 1577 1147 1624 iugi.
1178 1586 1357 1624 quantum
1388 1579 1494 1615 nobis
1524 1592 1570 1615 ex
1599 1578 1674 1614 alto
1703 1592 1920 1615 concessum
1950 1580 2066 1620 fuerit.

146 1636 404 1672 sollicitudinis
437 1636 560 1671 studio
590 1636 834 1672 intendamus.
910 1636 1182 1684 Amplectimur
1214 1636 1353 1685 quippe
1386 1635 1615 1672 voluntarios
1647 1651 1714 1686 pro
1747 1639 1910 1686 ipsorum
1943 1640 2068 1688 quiete

146 1696 301 1735 labores.
332 1705 369 1732 et
398 1704 526 1732 noctes
554 1697 778 1744 quandoque
807 1697 1006 1732 transimus
1036 1697 1234 1739 insomnes,
1266 1705 1305 1732 ut
1332 1695 1507 1732 scandala
1536 1710 1793 1735 removeamus
1821 1701 1868 1735 ab
1894 1700 1991 1747 ipsis,
2021 1709 2066 1741 et,

146 1770 238 1805 quas
270 1757 431 1792 humana
465 1764 603 1797 natura.
639 1770 755 1792 novas
786 1770 935 1805 semper
966 1758 1220 1805 deproperans
1254 1758 1365 1793 edere
1395 1757 1539 1798 formas.
1578 1758 1660 1795 lites
1698 1760 1863 1808 quotidie
1902 1760 2068 1797 invenire

145 1826 308 1858 conatur,
339 1830 434 1853 nunc
463 1817 699 1865 antiquorum
724 1817 983 1859 declaratione,
1014 1831 1110 1854 nunc
1139 1831 1228 1854 vero
1253 1831 1435 1854 novorum
1460 1818 1623 1855 editione
1653 1820 1794 1861 iurium,
1825 1828 1934 1868 prout
1961 1822 2067 1856 nobis

145 1887 202 1914 est
226 1877 411 1925 possibile.
443 1877 694 1925 reprimamus.
753 1878 862 1917 Sane,
892 1891 1006 1926 quum
1031 1886 1115 1926 post
1136 1879 1310 1915 volumen
1336 1878 1585 1918 decretalium.
1615 1894 1637 1916 a
1662 1880 1776 1916 felicis
1802 1881 2066 1917 recordationis

147 1939 331 1986 Gregorio
358 1938 459 1985 Papa
482 1938 549 1973 IX.
577 1938 865 1985 praedecessore
890 1947 1017 1975 nostro
1036 1947 1112 1975 tam
1132 1940 1288 1987 provide
1308 1952 1419 1986 quam
1440 1939 1577 1975 utiliter
1596 1941 1843 1988 compilatum,
1870 1942 2066 1977 nonnullae

145 1999 192 2034 ab
217 2012 262 2034 eo
281 2006 318 2034 et
342 1998 389 2034 ab
413 1997 492 2033 aliis
515 1999 694 2034 Romanis
717 1999 959 2035 Pontificibus
979 2000 1189 2036 successive
1213 2012 1324 2047 super
1348 1999 1505 2035 diversis
1529 2000 1740 2037 dicerentur
1763 2001 1924 2038 articulis
1945 2002 2066 2038 editae

145 2059 358 2096 decretales.
381 2058 427 2094 de
447 2072 602 2106 quarum
622 2059 814 2107 aliquibus,
836 2072 882 2094 an
902 2060 1107 2096 decretales
1127 2060 1359 2097 exsisterent.
1385 2073 1586 2108 earumque
1606 2061 1853 2098 auctoribus-ff
1873 2062 2064 2098 dubitaba-

145 2128 204 2155 tur
223 2119 378 2155 sollicite
399 2119 435 2154 in
456 2119 598 2154 iudiciis
619 2128 656 2155 et
676 2119 711 2154 in
731 2119 883 2155 scholis:
905 2133 981 2160 nos,
1003 2121 1049 2156 ad
1069 2120 1212 2168 apicem
1232 2121 1365 2155 summi
1386 2121 1622 2168 pontificatus
1642 2135 1803 2169 superna
1821 2122 2064 2170 dispositione

147 2180 277 2220 vocati,
307 2192 418 2226 super
442 2179 511 2215 hoc
536 2193 618 2214 cum
644 2180 818 2215 instantia
843 2180 1008 2228 requisiti
1033 2194 1054 2216 a
1077 2181 1210 2218 multis.
1240 2180 1522 2227 ambiguitatem
1550 2190 1587 2217 et
1617 2182 1914 2219 incertitudinem
1943 2183 2064 2218 huius-

147 2240 256 2278 modi.
286 2239 522 2287 dispendium
551 2239 716 2287 pluribus
740 2240 965 2279 afferentem.
996 2241 1147 2276 omnino
1172 2241 1309 2279 tollere.
1339 2254 1380 2276 ac
1406 2240 1598 2281 elucidare.
1629 2255 1724 2290 quae
1748 2244 1794 2279 de
1819 2243 2063 2280 decretalibus

146 2301 235 2348 ipsis
263 2300 390 2339 teneri.
420 2313 564 2347 quaeve
591 2301 771 2336 deberent
800 2301 835 2336 in
864 2309 1053 2348 posterum
1084 2302 1241 2339 refutari.
1271 2301 1391 2349 gratia
1415 2301 1642 2349 suffragante
1666 2303 1792 2339 divina
1816 2317 1882 2351 pro
1907 2303 2062 2339 utilitate

146 2360 293 2409 publica
316 2360 610 2396 desiderabiliter
629 2361 854 2398 affectantes.
880 2375 946 2408 per
972 2362 1203 2398 venerabiles
1228 2362 1359 2397 fratres
1384 2370 1530 2398 nostros
1555 2363 1796 2399 Guilielmum
1820 2363 2062 2410 archiepisco-

145 2435 233 2470 pum
251 2421 591 2462 Ebrudunensem³‚
612 2429 649 2456 et
667 2421 933 2469 Berengarium
949 2422 1164 2469 episcopum
1183 2422 1441 2460 Biterensen1⁴.
1463 2436 1504 2458 ac
1520 2423 1694 2459 dilectum
1716 2424 1828 2459 filium
1845 2423 2061 2471 magistrum

149 2481 375 2517 Richardum
395 2481 441 2516 de
459 2481 576 2519 Senis.
598 2489 747 2517 sanctae
767 2482 958 2517 Romanae
978 2481 1154 2517 ecclesiae
1175 2482 1524 2521 vicecancellarium.
1546 2484 1633 2519 iuris
1654 2484 1842 2532 utriusque
1862 2484 2060 2523 doctorem.

145 2541 349 2579 decretales
374 2541 584 2577 huiusmodi
608 2541 822 2589 diligentius
848 2542 999 2578 fecimus
1024 2543 1216 2580 recenseri.
1242 2551 1279 2579 et
1303 2543 1461 2584 tandem,
1488 2543 1654 2591 pluribus
1674 2558 1720 2580 ex
1746 2544 1843 2591 ipsis.
1869 2557 1981 2591 quum
2002 2544 2060 2579 vel

144 2602 378 2650 temporales.
408 2610 471 2637 aut
499 2602 568 2637 sibi
598 2602 686 2649 ipsis
716 2602 773 2638 vel
803 2602 883 2638 aliis
912 2603 1050 2638 iuribus
1079 2603 1297 2643 contrariae.
1327 2617 1391 2639 seu
1420 2604 1572 2640 omnino
1600 2605 1807 2652 superfluae
1836 2604 2058 2645 viderentur,

145 2663 292 2711 penitus
314 2663 497 2702 resecatis,
528 2661 696 2710 reliquas
726 2663 948 2710 quibusdam
967 2676 1014 2698 ex
1033 2663 1086 2699 eis
1105 2664 1344 2702 abbreviatis.
1374 2672 1411 2700 et
1435 2664 1618 2713 aliquibus
1640 2665 1674 2699 in
1700 2672 1779 2700 toto
1799 2664 1856 2700 vel
1883 2664 1937 2700 in5
1955 2673 2059 2712 parte

218 2785 238 2813 1)
254 2784 373 2808 Tolosae:
388 2782 449 2807 Coa.
460 2782 547 2807 Bernl.
559 2782 602 2807 lat.
614 2781 659 2813 fal.
672 2781 724 2806 Ν).
736 2790 759 2813 9.
770 2792 775 2811 ;
796 2783 906 2807 l‘aduae:
921 2782 1002 2807 Fle.
1014 2783 1085 2816 Lips.
1122 2793 1266 2817 summaque
1279 2794 1327 2817 ope
1340 2790 1362 2809 ct
1377 2785 1450 2809 alacri
1465 2786 1546 2809 studio
1559 2786 1645 2811 ctiam,
1662 2793 1733 2815 quem
1748 2785 1793 2808 sub
1806 2785 1873 2808 bulla
1887 2789 1970 2809 nostra
1983 2786 2059 2810 inclu-

145 2824 218 2850 973.;
238 2819 369 2843 Aurelian:
383 2817 444 2842 le.
461 2817 556 2841 cassel.
571 2816 622 2841 ills.
637 2817 684 2841 iar.
698 2816 744 2848 (bl.
762 2824 798 2848 13.
818 2817 878 2842 t'ml.
894 2816 1016 2848 Francus.
1032 2825 1087 2848 29.;
1121 2828 1175 2843 sum
1193 2821 1263 2843 vobis
1281 2821 1475 2849 transmittimus,
1496 2820 1654 2851 suscipientes
1671 2828 1701 2843 co
1718 2820 1820 2842 utamini
1839 2820 1861 2842 in
1881 2820 1975 2843 indiciis
1993 2825 2015 2843 et
2035 2821 2059 2844 in

145 2854 169 2877 in
182 2854 295 2877 Romana
308 2854 386 2877 curia:
399 2852 442 2882 D;
454 2867 486 2869 —
500 2851 533 2883 cs.
549 2851 651 2875 Decret,
665 2851 752 2882 Bonis]
773 2851 844 2876 VIII.
859 2853 901 2875 dil.
916 2852 971 2875 filiis
981 2858 1003 2876 ct
1015 2854 1085 2877 scho-
1120 2854 1217 2883 scholis,
1239 2860 1264 2878 ut
1282 2860 1305 2878 et
1318 2855 1420 2878 studiosi
1439 2863 1482 2885 pei·
1499 2855 1578 2885 ipsum
1596 2862 1609 2877 a
1628 2862 1686 2877 voce
1705 2854 1819 2883 magistra
1832 2854 1967 2878 efficiantur
1979 2855 2058 2878 erudi-

146 2888 237 2911 laribus
254 2888 418 2911 universitatis
436 2887 597 2911 Salamaneae
615 2887 836 2910 commorantibus:
855 2888 918 2910 Cum
936 2895 1013 2918 nuper
1031 2888 1086 2911 Deo
1121 2889 1194 2912 tiores
1210 2895 1234 2913 et
1251 2889 1392 2912 celeriorem
1411 2889 1499 2912 iudicia
1515 2889 1644 2911 terminum
1662 2888 1800 2911 sortiantur.
1841 2889 1898 2912 Dat.
1917 2889 1994 2913 Reate
2009 2890 2055 2913 IX.

146 2922 217 2945 nobis
230 2922 347 2946 auxilium
361 2922 495 2953 praebente
509 2922 604 2945 Romae
617 2921 682 2952 apud
697 2922 722 2944 S.
741 2922 839 2944 Petrum
854 2922 884 2944 V.
901 2922 987 2944 Nonas
1001 2922 1085 2945 Martii
1122 2923 1178 2947 Kal.
1202 2924 1257 2947 Oct.
1282 2924 1306 2947 l'.
1330 2924 1361 2947 N.
1390 2924 1419 2946 A.
1444 2923 1488 2946 IV.
1509 2930 1550 2954 (ιγ,
1573 2922 1609 2946 La
1631 2921 1725 2945 Ftu‘nlt’
1745 2921 1800 2945 hist.
1819 2922 1880 2946 eccl.
1902 2922 1932 2946 (Ie
1950 2922 2058 2955 Espaffa

148 2956 236 2980 Pontis.
254 2965 278 2980 n.
295 2965 316 2980 a.
334 2957 380 2980 IV.
397 2964 426 2980 ex
444 2956 569 2979 nonnullis
582 2956 746 2979 decretalibus
763 2956 977 2987 praedecessorum
991 2961 1084 2980 nostro·
1121 2956 1240 2988 (Madrid
1256 2958 1339 2988 1873.)
1354 2965 1377 2987 4,
1396 2963 1450 2987 572.
1472 2970 1504 2974 —
1523 2957 1580 2980 Dat.
1602 2957 1697 2980 Romae
1714 2964 1753 2988 ap.
1776 2958 1800 2980 S.
1820 2958 1919 2981 Petrum
1938 2958 1968 2981 Υ.
1988 2959 2054 2982 Non.

148 2999 201 3014 rum
219 2991 292 3015 Rom.
314 2991 467 3022 pontificum,
489 2995 563 3022 atque
580 2991 668 3013 nostris
686 2990 782 3018 librum,
808 2998 881 3021 quem
898 2995 1084 3014 annumeratum
1120 2992 1194 3016 Mart.
1218 2993 1288 3016 Pont.
1311 2993 1343 3015 N.
1366 2993 1396 3015 A.
1416 2992 1460 3014 IV.
1486 3005 1518 3008 μ-
1541 2997 1562 3021 3.
1579 2990 1618 3014 die
1636 2990 1717 3014 Mart.
1736 2991 1807 3021 1298.
1831 3005 1866 3009 —
1886 2991 2002 3016 Ponlmst
2016 3001 2057 3016 no.

147 3025 254 3056 quinque
266 3025 399 3049 voluminis
411 3025 554 3056 nuncupari,
571 3025 719 3048 ediderimus
732 3029 783 3048 tam
796 3025 827 3047 :ul
840 3025 972 3048 utilitatem
985 3025 1083 3049 studen-
1119 3026 1210 3057 24632.
1319 3028 1343 3054 2)
1358 3026 1492 3049 actm-ibus:
1509 3024 1637 3051 ABCDE
1740 3026 1766 3056 3)
1786 3026 1910 3050 Ebredun.
1921 3036 1926 3050 :
1943 3026 2059 3055 AC'DE:

147 3059 208 3082 tium
221 3067 294 3090 quaxn
308 3060 340 3083 ad
352 3060 560 3091 expediendamm
571 3060 650 3083 litium
660 3059 862 3090 compendiosum
874 3059 1016 3087 remedium,
1031 3060 1083 3083 uni-
1119 3060 1259 3085 Ebrudum
1274 3060 1313 3090 B‚·
1331 3061 1483 3084 Ebrudren.:
1501 3058 1526 3083 F
1583 3060 1609 3089 4)
1625 3060 1713 3091 Bycen.
1724 3069 1730 3084 :
1742 3059 1778 3090 1¹2·
1798 3059 1877 3085 deest:
1891 3060 1916 3085 B
1983 3063 2007 3093 5)
2022 3063 2058 3089 in:

147 3093 255 3119 versitati
271 3099 365 3119 vestrae
383 3103 406 3127 p.
423 3103 462 3128 ap.
480 3103 524 3119 scr.
546 3094 698 3123 mandamus,
719 3098 839 3127 quatenus
857 3098 972 3127 prompto
989 3094 1080 3126 animo,
1118 3094 1198 3120 deest:
1217 3094 1299 3121 ABE.

1722 3135 1777 3162 59*
