2243 3288
169 181 201 210 13
525 182 736 210 DECRETAL.
756 182 920 210 GREGOR.
940 183 987 210 1X.
1005 183 1071 210 LIB.
1091 184 1110 211 Ι.
1130 184 1199 212 ΤΙΤ.
1219 185 1250 212 11.
1269 186 1320 212 DE
1340 185 1562 214 CONST1TUT.
1581 195 1605 214 e.
1627 195 1666 214 10.
1688 195 1727 214 11.
2052 190 2085 216 14

167 260 303 286 sessionem
315 259 437 286 violenter
449 260 563 286 ablatam
577 262 732 287 monasterio
746 261 830 287 tribuit
843 262 983 288 nominato.
1008 261 1050 287 Ex
1062 262 1108 287 hot·

166 303 227 327 erqo
244 295 302 320 rima
320 299 447 320 crescente
463 304 543 329 usque
560 296 595 321 ad
607 305 740 321 armo-rum
752 296 885 329 strepitum
898 301 935 322 est
949 305 1106 329 processum.

167 329 211 354 Ne
224 338 281 354 vero
294 329 404 354 deterius
416 329 476 363 quid
489 330 653 363 continyeret,
666 331 746 356 bonae
756 331 892 356 memoriae
904 331 931 356 C.
942 332 1019 364 I’apa
1030 339 1107 364 prae-

165 363 282 388 decessor
294 368 380 389 noster
394 368 471 389 totum
484 365 610 397 neqotium
625 366 660 390 ad
675 373 748 390 suam
761 365 955 390 sollicitudinem
972 366 1107 391 revocavit.

165 397 200 422 Et
216 398 338 431 (liconiam
355 403 454 431 tempus
467 399 669 431 cotuyenzlorum
686 399 819 432 fruentum
836 399 988 432 imminebat,
1006 399 1107 431 fructus

160 433 294 465 praecepit
316 433 386 465 apud
407 433 512 458 colonos
533 433 559 458 in
580 438 709 467 sequestro
726 434 826 467 deponi,
849 434 920 459 circa
937 443 1000 468 quos
1017 435 1041 459 si
1055 443 1107 467 qua

160 467 277 499 partium
295 467 439 492 uiolentiam
457 466 552 500 inferre
565 473 751 500 praesumeret,
766 476 861 493 causae
873 477 936 493 suae
948 469 1105 501 dispendium

161 504 303 534 pateretur,
318 501 500 526 venerabilibus
512 501 639 533 fratribus
653 502 748 527 nostris
763 503 795 528 G.
806 503 952 534 Portuensi,
966 507 988 527 et
1001 503 1023 528 I.
1037 512 1106 527 nunc

163 535 312 566 Albanensi,
332 540 391 561 tunc
408 544 467 561 vero
485 537 674 561 Tusculanensi
688 537 813 570 episcopis
831 537 899 561 tituli
913 539 940 562 S.
961 537 1105 569 Clementis,

162 574 186 594 et
199 569 288 595 dilecto
299 570 354 604 filio
368 575 456 595 nostro
468 570 500 596 G.
512 572 540 595 S.
552 571 647 604 Anqeli
657 571 767 596 diacono
781 571 912 596 cardinali
920 579 1026 596 causam
1037 580 1103 596 com-

163 603 263 629 mittens
276 605 389 630 eandem.
426 605 459 630 In
472 613 581 638 quorum
595 606 746 638 praesentia
761 605 880 638 partibus
893 606 1043 637 constitutis,
1056 615 1104 639 pro

162 638 271 664 ecelesia
287 640 316 664 S.
333 639 439 664 Mariae
458 638 508 670 fuit
530 643 622 664 contra
639 640 823 665 monasterium
842 644 951 665 cestrum
972 640 1103 672 obiectum,

160 673 230 706 quod
240 673 384 698 violentiam
391 682 457 706 pars
468 678 550 698 vestra
561 674 722 699 commiserat
732 674 758 699 in
767 673 895 706 fructibus
904 676 1103 708 sequestrandis.

161 707 196 732 Et
209 716 286 740 quum
295 715 372 740 super
380 707 426 732 hoc
437 712 510 733 testes=
521 707 629 740 fuissent
640 708 765 741 utrimque
774 709 902 741 producti,
913 709 974 742 quia
984 709 1103 734 violentia

161 742 256 775 liquido
266 742 380 775 probata
392 751 445 767 non
460 741 518 774 fuit,
532 747 555 767 et
568 743 594 767 in
607 743 711 767 dinu'dio
724 744 798 775 ruylo
815 743 903 768 hordei
913 743 1044 768 dicebatur
1056 745 1101 769 ad-

161 777 248 808 missa,
266 776 357 802 abbate
374 777 536 807 nihilominus
553 777 710 810 probibente,
732 786 764 802 ne
785 778 903 802 delictum
917 786 1046 811 personae
1063 788 1102 804 re-

161 811 288 836 dundaret
301 811 327 836 in
339 811 460 836 damnum
474 812 602 843 ecclesiae,
619 811 693 843 sacta
705 812 793 836 hordei
804 812 960 837 restitutione
968 813 1102 846 provisum

160 849 206 877 est,
219 849 246 870 ut
258 846 293 871 ad
308 845 480 879 quaestionem
494 846 664 878 possessionis
679 846 752 880 fieret
770 846 796 871 in
812 855 894 872 causa
910 855 1055 880 processus,
1073 848 1103 872 de

161 888 213 913 qua
229 888 319 905 eoram
336 880 428 905 eisdem
442 881 575 913 productis
593 880 695 905 testibus
712 885 734 905 et
752 881 954 906 attestationibus
964 882 1103 914 publicatis

158 914 208 947 fuit
218 914 312 940 diutius
321 915 496 948 disceptatum.
523 915 711 948 Consequenter
719 915 741 932 15
755 924 811 940 uero
818 920 878 948 post
889 916 1015 940 ‹teeessum
1025 924 1101 949 prae-

158 948 211 982 fati
217 949 425 982 praedecessoris
437 949 520 974 nostri
526 949 646 982 partibus
655 949 682 974 in
692 954 782 975 nostra
792 950 942 982 praesentia
952 951 1101 981 constitutis,

158 983 267 1009 ecclesia
280 987 326 1009 etc.
340 982 385 1017 (cf.
399 992 422 1009 c.
435 992 460 1016 4.
473 987 500 1008 ut
513 984 555 1009 lite
564 984 641 1016 penrl.
656 984 694 1009 II.
711 984 761 1016 16.)
788 984 822 1009 Et
835 985 955 1018 ‹Jzumiam
969 985 1017 1010 alii
1026 994 1101 1010 seua—

158 1022 242 1043 torum
254 1018 404 1043 sententiam
413 1026 465 1051 pro
478 1018 641 1047 numasterio,
652 1018 700 1043 alii
710 1019 790 1043 latam
803 1027 852 1051 pro
862 1020 968 1044 ecclesia
977 1028 1101 1052 processu

158 1053 279 1086 temporis
292 1053 492 1086 confimnarant:
510 1062 557 1077 nos
570 1057 615 1078 etc.
630 1052 675 1086 (cf.
689 1061 710 1078 c.
724 1061 749 1085 4.
763 1053 815 1086 cit.)
860 1054 941 1083 Quum
956 1063 1016 1087 erqo
1029 1054 1102 1079 nobis

159 1087 306 1119 constiterit,
324 1087 375 1112 et16
392 1096 423 1112 ex
440 1087 497 1120 ipsa
515 1087 674 1120 consessione
687 1088 803 1120 partium.
822 1089 975 1113 tenuerimus
982 1088 1012 1120 Π,
1035 1090 1102 1122 quod

158 1130 225 1146 unas
237 1121 446 1147 consiliariorum
457 1126 550 1147 contra
559 1122 710 1147 sententiam
720 1122 750 1146 de
760 1123 889 1147 voluntate
901 1127 957 1148 octo
964 1122 987 1140 18
999 1132 1100 1148 exsecu-

157 1156 223 1181 tioni
241 1157 391 1181 mandatam
412 1157 443 1181 de
462 1155 542 1188 facto,
565 1157 625 1190 quia
642 1157 672 1181 de
688 1157 743 1182 iure
759 1166 810 1181 non
825 1158 967 1190 p‹›terat¹¹-',
989 1158 1100 1189 veniens,

157 1191 291 1216 ecclesiam
304 1191 386 1224 ipsam
396 1191 558 1224 possessione
570 1200 618 1216 sua
631 1191 809 1224 spoletum-512⁰
827 1192 955 1223 violenter,
973 1196 996 1217 et
1008 1192 1099 1217 nihilo-

156 1225 240 1250 mz'nus
257 1226 421 1257 attendentes,
439 1226 508 1259 quod
523 1226 599 1251 etiam
615 1225 708 1250 iniusto
722 1227 868 1259 possessori
882 1226 1004 1251 violenter
1024 1227 1100 1252 eiecto

157 1260 323 1285 restitutionis
340 1260 372 1285 sit
394 1260 514 1294 beneficio
535 1260 745 1291 succurrendum,
767 1261 905 1293 spoliatam
921 1261 1056 1286 ecclesiam
1074 1261 1099 1286 in

156 1294 215 1320 eo2'l
232 1299 302 1320 statu
318 1294 473 1320 decrevimus
489 1295 662 1328 reponendam
670 1294 701 1326 2²,
720 1295 746 1319 in
760 1304 808 1328 quo
825 1294 912 1326 fuerat
925 1299 1036 1328 tempore
1049 1296 1099 1320 oio-

157 1329 250 1354 lentiae
260 1333 434 1362 perpetratae.
475 1328 567 1354 Verum
580 1329 701 1362 quoniam
716 1329 770 1362 (etc.
786 1329 819 1361 cf.
834 1338 856 1355 c.
870 1338 893 1361 4.
908 1328 972 1364 cit.)]
979 1330 1003 1347 ²³
1036 1330 1069 1355 Et
1076 1330 1099 1347 ²4

155 1364 218 1397 quia
233 1363 393 1397 saepefatum
408 1364 590 1389 monasterium
611 1368 721 1389 restrum
742 1372 769 1389 se
785 1364 968 1397 querebatur25
989 1373 1006 1389 a
1019 1373 1098 1397 prae-

157 1399 233 1423 misso
246 1399 279 1423 Β.
295 1398 431 1424 Carosomi
446 1402 538 1423 contra
554 1398 675 1423 iustitiam
692 1399 837 1431 spoliatum,
851 1403 873 1424 et
886 1399 968 1431 ipsum
983 1407 1033 1431 per
1045 1399 1097 1432 offi-

156 1433 223 1458 cium
236 1437 350 1458 nostrum
363 1433 462 1458 restitui
472 1433 620 1466 suppliciter
626 1433 650 1450 :215
659 1433 817 1466 postulabat,
831 1434 899 1466 quod
910 1437 1033 1459 statutum
1046 1434 1100 1458 eius

155 1467 253 1492 nullius
274 1468 370 1492 valoris
390 1467 511 1492 exstiterit
535 1467 708 1500 multipliciter
733 1476 891 1493 asseverans.
929 1466 1098 1502 [Saepefatus

156 1502 223 1527 enim
234 1502 276 1533 B„
289 1510 367 1535 quum
379 1511 405 1527 se
421 1502 504 1535 ipsum
521 1502 652 1527 intruserit
670 1502 696 1527 in
713 1502 870 1527 senatoriam
882 1502 1037 1534 difflzitatem‚
1050 1511 1097 1527 nec

155 1537 313 1570 apostolieae
333 1537 400 1562 sedis
421 1536 538 1568 savorem
558 1537 681 1567 babuerit,
704 1537 739 1561 ad
754 1545 830 1570 quam
848 1537 971 1561 institutio
985 1536 1097 1569 pertinet

154 1575 311 1602 senatorum,
336 1575 458 1596 statutum
481 1580 534 1595 non
559 1571 643 1604 potuit
666 1571 785 1603 emittere,
811 1571 879 1604 quod
902 1571 1005 1596 valeret.
1049 1571 1100 1600 Qui

154 1606 256 1631 etiamsi
274 1605 364 1637 ficisset
385 1605 493 1638 leqitime
510 1606 645 1636 institutus,
663 1605 743 1638 ipsius
762 1609 894 1637 statutum,
913 1605 1028 1639 quamvis
1049 1605 1100 1630 sibi

154 1640 288 1671 subiectos,
306 1641 426 1665 ecclesias
439 1644 522 1665 tamen
535 1640 683 1665 nullatenus
696 1640 827 1672 obliuaret,
845 1641 1002 1672 praesertim
1019 1648 1096 1673 quum

154 1675 207 1700 iuri
229 1675 297 1700 civili
318 1679 381 1699 esset
406 1675 552 1706 atlcersum,
582 1675 650 1708 quod
673 1674 753 1699 uliam
773 1683 886 1707 poenam
910 1674 1036 1707 litiyiosas
1056 1683 1097 1700 res

155 1708 370 1741 transferentibus
386 1709 475 1734 statuit
493 1709 682 1742 imponendam,
704 1709 750 1734 itta
772 1709 931 1734 distinetione
952 1709 1018 1734 inter
1035 1718 1096 1734 con-

154 1744 282 1769 trahentes
294 1744 412 1775 adbibita,
426 1748 460 1775 ut,
471 1743 495 1768 si
506 1743 562 1777 quis
575 1743 656 1768 sciens
666 1743 701 1768 ad
713 1743 872 1775 donationes,
886 1743 1040 1768 venditiones
1052 1752 1096 1768 seu

154 1779 220 1803 alios
232 1782 379 1803 contractus
392 1779 536 1809 accesserit,
553 1787 605 1802 non
617 1778 700 1803 solum
718 1778 840 1803 redimere
853 1786 906 1803 rem
919 1779 1096 1811 compellatur,

153 1813 199 1838 sed
214 1813 289 1838 etiam
302 1813 415 1846 pretium
437 1813 490 1837 eius
507 1813 616 1844 amittat,
634 1821 686 1837 non
704 1816 730 1837 ut
748 1813 822 1837 lucro
840 1813 912 1837 cedat
929 1813 1061 1844 alienanti,
1080 1822 1096 1837 a

154 1856 204 1881 quo
222 1847 300 1873 etiam.
316 1848 371 1873 alia
388 1851 460 1872 tanta
477 1847 609 1880 quantitas
625 1851 662 1872 est
677 1847 737 1880 sisci
752 1847 850 1872 iuribus
867 1847 1010 1878 inferenda.
1048 1847 1096 1873 Sin

154 1886 238 1907 autem
251 1883 375 1915 iynorans
388 1890 441 1907 rem
453 1882 591 1914 liu'qiosam
608 1881 694 1906 emerit
707 1881 746 1906 vel
760 1889 809 1914 per
821 1881 902 1906 aliam
914 1882 1022 1914 speciem
1036 1891 1096 1907 con-

153 1921 254 1942 tractus
271 1917 406 1949 acceperit,
424 1921 483 1941 tunc
500 1916 656 1941 alienatione
673 1916 712 1941 rei
731 1915 803 1948 fricta
822 1916 897 1941 irrita
915 1917 1027 1949 pretium
1044 1917 1097 1941 eius

153 1960 212 1976 cum
225 1951 278 1976 alia
292 1951 367 1976 tertia
379 1955 456 1984 parte
473 1951 584 1984 recipiet,
598 1951 772 1976 instrumentis
784 1951 861 1975 etiam
878 1952 978 1976 nullam
992 1951 1040 1976 vim
1054 1951 1095 1976 ob-

152 1986 296 2017 tinentibus,
310 1994 376 2019 quae
387 1994 465 2018 super
478 1985 651 2010 contractibus
663 1985 806 2010 huiusmodi
816 1989 973 2010 statutuztur.
1004 1985 1096 2011 Verum

153 2029 205 2052 eos,
223 2020 268 2054 qui
278 2021 344 2044 dotis
361 2019 470 2051 nomine,
488 2021 526 2045 vel
542 2024 602 2045 ante
619 2020 724 2053 nuptias
741 2020 895 2051 donationis,
913 2020 1096 2045 transactionis

152 2056 192 2080 vel
204 2054 334 2080 divisionis
346 2063 433 2079 rerum
445 2054 658 2079 hereditariarum
670 2053 766 2086 factae,
776 2055 815 2079 vel
823 2063 872 2088 per
886 2055 965 2088 leqati
976 2055 1014 2080 rel
1023 2055 1095 2088 fidei-

153 2089 283 2115 commissi
294 2097 399 2114 causam
412 2089 556 2113 huiusmodi
566 2089 679 2114 dederint
692 2090 731 2113 vet
747 2089 900 2122 acceperint,
918 2098 935 2114 a
944 2089 1096 2122 praemissis

149 2125 240 2158 poenis
252 2124 340 2149 eadem
350 2123 493 2149 constitutio
504 2123 595 2156 excipit
603 2123 763 2148 nominatim.
791 2124 889 2152 Quodsi
895 2124 970 2148 etiam
981 2124 1096 2156 obliyare

149 2163 237 2193 posset
249 2158 378 2190 eeclesias,
392 2158 574 2183 monasterium
588 2158 613 2182 in
627 2158 673 2182 illa
691 2158 869 2183 constitutione
881 2166 1043 2191 nequaquam
1057 2159 1094 2184 in-

153 2194 258 2225 ciderat,
276 2201 354 2226 quum
367 2192 509 2217 antedictus
523 2193 544 2217 I.
558 2193 658 2217 nullam
674 2192 701 2216 ‘in
715 2192 779 2217 illud
792 2193 894 2225 penitus
906 2193 1093 2225 possessionem

152 2227 333 2259 transtulisset,
355 2227 401 2261 qui
422 2232 544 2260 tanquam
568 2227 673 2251 colonus
690 2231 775 2252 terras
792 2227 853 2252 illas
871 2231 994 2259 tenuerat,
1013 2232 1035 2253 et
1052 2236 1095 2253 eas

152 2271 205 2288 tlon
217 2272 272 2295 suo,
283 2263 327 2287 sed
340 2261 490 2287 monasterii
500 2262 602 2286 nomine
609 2261 762 2294 possidebat.
790 2262 863 2290 Quod
875 2262 976 2286 etiamsi
984 2261 1094 2295 fecisset,

151 2298 273 2331 quonium
287 2297 364 2330 prius
380 2300 518 2321 conventus
536 2305 552 2321 u
565 2296 721 2320 monasterio
741 2304 817 2329 qutun
831 2296 864 2321 ab
876 2297 983 2321 ecclesia
998 2296 1093 2329 fuerat,

151 2336 175 2357 et
185 2340 234 2365 per
246 2331 381 2357 arln'trium
395 2335 417 2356 et
431 2330 592 2355 nihilominus
606 2331 660 2355 iure
673 2330 863 2362 mmsacttom's,
880 2339 927 2364 per
938 2339 1017 2364 quam
1029 2332 1094 2357 citra

151 2375 260 2400 poenam
282 2366 387 2399 litiyiosi
406 2369 554 2390 contractus
575 2374 615 2389 res
634 2368 717 2397 potest
739 2365 764 2389 in
786 2365 864 2390 alium
887 2365 929 2390 lite
952 2370 1094 2391 contestata

151 2400 300 2433 transferri,
315 2410 355 2425 res
368 2400 476 2425 restituit
488 2399 636 2431 antedictas,
651 2399 676 2423 in
689 2403 810 2424 statutum
826 2400 996 2432 praemissum
1009 2401 1094 2425 nulla-

151 2440 224 2461 tenus
236 2435 372 2460 incidisset.
411 2435 477 2464 Quin
491 2434 584 2467 potius,
603 2433 651 2459 etsi
667 2438 758 2458 contra
772 2434 836 2458 illud
851 2433 951 2465 fecisset
964 2439 1094 2467 statutum,

151 2470 273 2503 quonium
289 2479 336 2495 nee
353 2474 511 2500 eom-entatu,
525 2477 571 2494 nec
588 2467 734 2500 confessum
748 2468 774 2492 in
788 2468 879 2493 iudicio
899 2470 936 2493 rel
953 2469 1093 2494 convictum

147 2505 310 2538 possessione
321 2513 370 2529 sua
383 2503 565 2529 numasterium
579 2502 665 2534 suerat
678 2503 825 2535 spoliatum,
839 2503 964 2528 instanter
978 2512 1034 2529 eam
1046 2504 1097 2529 sibi

150 2539 250 2564 restitui
264 2539 422 2572 postulabat,
440 2547 515 2572 quam
530 2546 560 2562 <at
573 2538 654 2569 nulla,
670 2537 707 2561 ret
723 2538 811 2562 saltent
827 2537 921 2562 iniusta
934 2546 1014 2563 causa
1028 2546 1094 2571 pars

150 2575 235 2599 altera
259 2574 392 2598 detinebat.
431 2573 489 2598 Ilus
513 2576 596 2597 (netem
623 2572 735 2597 rationes
759 2580 912 2596 oeconomus
935 2574 963 2597 S.
988 2573 1094 2598 Martae

151 2608 279 2634 nitebatur
296 2607 466 2640 multifariam
485 2607 626 2640 insinuare.
665 2606 786 2635 Quamuis
804 2606 867 2631 enim
882 2607 964 2631 dictus
976 2607 1008 2632 B.
1022 2607 1093 2632 circa

146 2643 321 2677 praelationis
348 2651 411 2667 suae
437 2641 580 2675 primordia
607 2640 721 2673 ⁴qratiam
750 2641 816 2665 sedis
850 2641 1007 2674 apostoticae
1040 2651 1092 2667 raon

150 2677 272 2709 babuerit,
291 2677 351 2711 quia
370 2681 454 2702 tamen
472 2676 505 2701 ab
522 2684 551 2701 ea
569 2675 618 2707 suit
638 2679 749 2708 tempore
762 2676 915 2708 procedente
932 2679 1056 2709 receptus,
1070 2681 1093 2701 et

149 2712 296 2737 ratihabitio
309 2711 498 2742 retrotralu'tur,
506 2711 613 2744 perinde
625 2710 753 2734 habendus
764 2714 829 2742 erat,
839 2714 963 2743 tanquam
977 2710 1009 2735 ab
1022 2711 1092 2736 initio

150 2747 259 2780 leqitime
275 2746 353 2779 suerit
371 2746 514 2777 institutus;
536 2745 580 2779 qui
596 2749 718 2777 tanquam
732 2744 830 2769 alienus
843 2745 918 2769 iudex
930 2753 981 2769 non
990 2749 1093 2778 poterat

201 2874 255 2894 Tit.
270 2873 298 2893 11.
329 2874 390 2900 Cap.
405 2876 432 2895 X.
465 2876 498 2900 15)
508 2876 575 2901 comp.
591 2873 631 2894 111.
645 2879 663 2893 r.
675 2875 692 2893 1.
707 2872 732 2893 <Is
749 2872 816 2893 restit.
831 2872 883 2899 spot.
893 2874 921 2899 (2,
932 2874 961 2898 G.)
1015 2873 1048 2899 16)
1058 2876 1091 2895 et:

150 2898 217 2920 tleest:
227 2900 252 2919 Cb
287 2899 320 2924 17)
330 2903 454 2922 tenuimus:
464 2902 491 2921 ib.
527 2903 560 2925 1³⁴)
571 2906 659 2921 eorum:
670 2901 720 2920 (lor.-
731 2900 840 2924 ipsorum:
851 2900 875 2919 Cb
917 2900 949 2924 12»)
959 2901 1041 2925 potuit:
1052 2901 1091 2921 Cuc

150 2926 184 2950 20)
193 2927 340 2950 spoliaverat:
354 2928 406 2947 (lube
457 2928 491 2951 21)
505 2928 595 2947 eodem:
610 2927 634 2946 Ch
687 2926 720 2945 22)
736 2925 898 2945 reducondmn:
912 2926 939 2945 ib.
991 2927 1026 2949 2³)
1038 2927 1091 2951 Jiuts

150 2953 252 2971 canonis:
271 2953 338 2977 vomp.
350 2954 389 2973 lll.
404 2959 422 2973 c.
434 2956 452 2973 1.
468 2954 495 2977 (2,
506 2954 535 2974 δι’.)
598 2954 631 2973 2-1)
642 2952 698 2971 Suo:
717 2952 753 2970 t'br
809 2952 842 2975 225)
853 2952 1032 2976 nunquan-ebatur
1045 2956 1091 2976 (sot

150 2977 227 3001 (hest).-
245 2978 270 2997 011
323 2980 356 3000 26)
375 2980 501 2999 humiliter:
520 2980 557 2998 (lut-
610 2979 643 3001 πῖ)
663 2978 828 2997 consimilibus:
848 2978 873 2995 (711
930 2978 963 3001 us)
982 2980 1090 3002 potestas:

150 3004 176 3024 Cb
184 3003 234 3028 Rea.
273 3004 307 3028 29)
317 3006 350 3024 et:
360 3005 385 3023 t'la
429 3006 464 3027 30)
475 3007 566 3024 existat:
580 3004 627 3025 ms.-
637 3005 732 3023 assistit:
742 3005 769 3022 (ἂι
809 3004 842 3026 31)
853 3003 880 3028 rs.
892 3003 946 3022 lust.
956 3003 1033 3024 xcv'l.
1043 3009 1060 3023 c.
1072 3007 1089 3024 1.

162 3029 183 3055 2)
193 3030 345 3056 potissimum:
360 3030 495 3057 Falliettcy.
541 3032 574 3056 33)
585 3030 724 3056 saepedicto:
739 3029 769 3048 B:
783 3030 797 3048 ζ’
806 3028 853 3054 [try.
864 3039 888 3043 —-
897 3029 934 3049 scd
942 3030 964 3049 tn
975 3031 1014 3050 Cae
1024 3030 1091 3055 leym:

1144 272 1160 288 a
1174 264 1327 290 monasterio
1341 264 1440 298 evitari,
1454 273 1530 299 quum
1542 274 1588 292 nec
1600 274 1693 291 novum
1705 266 1737 292 sit
1750 274 1795 292 nec
1808 266 1944 299 insolitum,
1956 268 2029 300 quod,
2040 267 2085 292 ubi

1143 298 1232 324 clerici
1242 304 1301 324 sunt
1313 304 1386 324 actor
1399 304 1420 324 et
1434 309 1500 332 reus,
1514 309 1608 326 causas
1621 301 1707 326 civiles
1723 301 1749 326 in
1767 301 1836 326 t'rbe
1848 311 1937 327 corum
1949 302 2081 334 iudieilnts,

1140 341 1187 364 per
1199 334 1282 358 sedem
1295 335 1464 367 apostolicam
1482 335 1609 367 institutis,
1626 344 1657 361 ex
1670 336 1826 369 deleyatione
1842 341 1989 361 senatorum
2007 337 2039 361 ab
2051 346 2082 362 ea

1142 367 1339 393 izo-isdictionem
1352 369 1495 394 habentium
1506 374 1707 403 prosequantur.
1743 370 1816 395 Unde
1828 379 1874 395 nec
1887 371 1911 395 in
1926 371 2010 396 alieno
2021 370 2081 403 soro

1142 401 1325 435 intelluluntm·,
1347 404 1392 428 sed
1412 404 1437 428 in
1457 405 1564 437 proprio
1585 405 1699 430 Romani
1717 405 1854 439 Pontificis
1875 405 1984 437 litiqare,
2010 406 2081 430 cuius

1142 437 1295 462 ‹ut‹·t‹›ritate
1315 438 1404 462 sortiri
1424 438 1537 463 ridentur
1558 438 1675 472 effectum
1700 447 1765 472 quae
1788 439 1821 464 ab
1844 439 1988 464 huiusmodi
2006 448 2081 464 sena-

1142 470 1236 495 toribus
1250 472 1288 496 rel
1300 472 1423 496 iudicibus
1435 477 1591 498 statuuntur.
1619 474 1717 502 Quodsi
1727 473 1814 505 forum
1824 474 1981 498 senatorium
1992 473 2082 505 fuisset

1141 506 1295 530 montisterio
1316 507 1418 538 penitus
1435 507 1555 537 alienum,
1574 508 1634 540 quia
1651 512 1736 533 tamen
1753 516 1906 533 oeconomus
1919 508 1980 533 dicti
1991 516 2081 533 numa-

1139 540 1211 563 sterii
1226 540 1272 563 sub
1293 540 1320 565 L.
1340 541 1419 565 iudice
1436 550 1452 566 a
1471 541 1592 574 praefato
1609 542 1640 567 B.
1660 542 1725 567 inter
1745 543 1877 568 ecclesiam
1895 544 1924 567 S.
1939 542 2042 567 Mariae
2059 547 2082 567 et

1140 573 1233 598 dit-tum
1243 575 1264 599 I.
1277 576 1307 599 de
1316 575 1400 600 Atteia
1413 576 1535 608 deleyat‹›,
1547 576 1597 608 ipsi
1604 577 1626 601 I.
1638 577 1741 607 adstitit,
1751 581 1774 602 et
1787 585 1842 602 eum
1855 577 1882 602 in
1894 577 1949 602 iure
1961 576 2081 609 defendit,

1140 608 1259 633 iudicium
1281 609 1334 633 eius
1358 618 1410 634 non
1432 610 1514 643 potuit
1540 611 1645 635 ulterius
1669 611 1805 636 declinare.
1842 612 1973 637 Statutum
1997 615 2079 636 autem

1139 642 1218 675 ipsius
1231 643 1271 673 B„
1285 643 1315 668 de
1328 652 1376 676 quo
1388 645 1491 676 saepius
1504 648 1540 669 est
1556 645 1734 677 praemissum,
1748 650 1770 670 et
1784 646 1852 678 quod
1862 654 1915 671 non
1928 646 1981 671 iuri
1990 646 2079 671 adver-

1138 685 1202 707 sum,
1212 677 1257 701 sed
1266 686 1406 703 consonum.
1416 679 1503 711 potius
1512 679 1654 710 exsistebat,
1666 680 1753 712 (quum
1763 681 1838 705 etiam
1851 680 1877 705 in
1889 681 1944 706 iure
1954 680 2079 706 canonico

1139 716 1269 743 cat-eatur,
1286 713 1354 745 quod
1374 721 1415 737 res
1432 713 1458 737 in
1479 713 1558 745 litiqio
1576 713 1663 745 posita
1680 723 1731 739 non
1746 715 1778 739 sit
1795 715 1822 739 in
1840 723 1981 748 personam
1998 715 2079 740 aliam

1139 745 1340 779 transferenda),
1350 756 1403 771 non
1416 747 1451 772 ad
1459 755 1623 780 possessores
1632 748 1709 778 solos,
1720 749 1765 773 sed
1774 749 1850 773 etiam
1860 750 1894 774 ad
1906 750 1965 774 illos
1977 749 2080 774 decebat

1137 780 1245 812 extendi,
1258 781 1302 813 qui
1312 785 1399 806 tenore
1410 781 1502 806 saltem
1513 782 1663 806 detentionis
1676 783 1797 816 cuiusque
1806 788 1928 816 poterant
1941 784 2078 815 conveniri,

1137 815 1226 847 quales
1239 819 1339 840 constat
1356 824 1411 840 esse
1423 816 1529 840 colonos
1541 816 1617 841 etiam
1635 819 1794 849 temporales.
1833 818 1954 851 Perpetui
1969 826 2079 851 namque

1137 849 1224 873 utilem
1245 850 1334 874 saltem
1352 850 1538 883 possessionem
1559 850 1677 875 habentes
1694 855 1716 876 et
1734 852 1866 877 conveniri
1879 857 1994 885 possunt,
2012 857 2034 877 et
2051 853 2078 877 in

1137 883 1215 908 alium
1233 884 1378 916 transferre
1394 885 1463 918 qaod
1478 884 1578 916 habent,
1595 885 1660 909 sicut
1678 885 1700 910 I.
1714 885 1812 917 fecerat
1829 891 1888 911 ante
1904 887 1992 919 dictus,
2006 887 2078 911 cuius

1136 916 1235 948 sactum
1251 927 1331 952 neque
1346 919 1519 951 praemissum
1536 919 1671 944 arbitrium
1685 924 1797 952 poterat,
1815 929 1860 945 nee
1877 921 2018 946 transactio
2035 930 2078 946 ezr-

1137 960 1235 984 cusare,
1249 961 1326 986 quum
1339 953 1365 977 in
1378 953 1465 978 dolum
1477 957 1500 978 et
1512 952 1632 984 fraudem
1644 953 1741 985 fuerint
1754 958 1885 980 attentata.
1911 956 1928 980 Ι
1929 956 1992 980 udeJ:
2004 964 2078 980 nam-

1136 995 1192 1019 que,
1206 987 1232 1011 in
1245 996 1318 1020 quem
1330 987 1380 1019 fuit
1392 996 1409 1012 a
1415 987 1535 1020 partibus
1548 988 1766 1020 compromissum,
1780 990 1986 1022 consanyuineus
1998 990 2078 1023 ipsius

1136 1021 1158 1046 I.
1176 1025 1199 1045 et
1215 1020 1364 1053 infeudatus
1385 1022 1538 1047 monasterii
1557 1022 1651 1047 dicitur
1667 1023 1797 1054 ezstitisse,
1814 1023 1926 1056 nihilque
1945 1025 2035 1056 jecisse
2051 1025 2078 1049 in

1132 1055 1273 1087 publicum,
1290 1056 1335 1080 sed
1352 1056 1438 1081 onmia
1457 1056 1483 1081 ‘in
1500 1061 1613 1087 secreto;
1633 1057 1747 1090 quamvis
1764 1057 1846 1082 instar
1864 1058 2015 1083 iudiciorum
2028 1059 2078 1083 sint

1135 1090 1245 1115 arbitria
1258 1090 1412 1115 introducta.
1444 1091 1530 1123 Coeqit
1542 1099 1642 1124 quoque
1653 1096 1741 1124 partes
1754 1092 1789 1116 ad
1800 1093 2000 1125 transmundum,
2013 1093 2077 1117 sicut

1135 1132 1166 1148 ea:
1178 1125 1302 1157 rescripm
1315 1125 1500 1149 transactionis
1512 1129 1630 1158 apparet.
1659 1126 1694 1150 Et
1707 1134 1784 1159 quum
1797 1126 1826 1151 de
1839 1127 2013 1152 transactione
2024 1136 2077 1152 non

1134 1157 1212 1189 fuerit
1225 1159 1445 1192 compromissum,
1459 1168 1525 1193 quae
1537 1168 1587 1184 non
1602 1164 1638 1185 est
1650 1160 1815 1191 necessitatis,
1827 1161 1872 1186 sed
1887 1161 1982 1186 liberae
1990 1162 2078 1194 potius

1135 1193 1280 1225 voluntatis,
1298 1194 1357 1218 <loto
1374 1193 1452 1227 quasi
1467 1202 1498 1218 ex
1510 1194 1656 1227 perspicuis
1674 1194 1772 1219 insidiis
1789 1195 1841 1220 iam
1860 1196 1969 1228 probato
1992 1201 2076 1221 trans-

1134 1227 1259 1252 actionem
1272 1228 1426 1261 inefficaeem
1435 1228 1538 1261 penitus
1551 1229 1691 1254 asserebat.
1721 1230 1775 1254 Illa
1788 1238 1887 1263 quoque
1900 1231 2000 1255 ratione
2011 1231 2076 1255 dice-

1135 1261 1176 1286 bat
1189 1262 1295 1287 ecclesia
1309 1262 1456 1295 petitionem
1473 1263 1626 1288 monasterii
1640 1264 1822 1296 repellendam,
1836 1265 1911 1298 quod,
1926 1273 2003 1298 quum
2018 1273 2078 1297 pos-

1133 1296 1268 1321 sessionem
1292 1296 1375 1329 t'psam
1398 1297 1453 1322 sine
1476 1297 1535 1322 dolo
1557 1302 1578 1322 et
1601 1298 1679 1331 culpa
1699 1307 1748 1323 sua
1769 1298 1903 1324 obtinuerit
1924 1300 2077 1324 auctoritate

1130 1331 1270 1363 praetoris,
1292 1335 1316 1356 et
1337 1340 1386 1364 per
1412 1332 1459 1357 hoe
1479 1333 1519 1357 ius
1539 1332 1588 1357 sibi
1605 1332 1683 1364 fuerit
1707 1333 1868 1366 acquisitum,
1893 1334 2076 1359 monasterium

1135 1369 1244 1390 restrum
1255 1373 1333 1398 super
1342 1367 1504 1398 possessorio
1515 1366 1603 1391 audiri
1613 1367 1721 1392 ulterius
1732 1376 1785 1392 non
1802 1368 1914 1399 debebat,
1929 1369 1971 1393 cui
1978 1373 2077 1402 parata

1134 1403 1190 1424 erat
1207 1399 1233 1424 in
1246 1400 1368 1433 petitorio
1384 1399 1561 1435 respondere]
1599 1401 1647 1426 His
1665 1410 1726 1434 erqo
1744 1406 1766 1427 et
1778 1403 1931 1428 si711z'ttb11s27
1946 1403 1972 1428 in
1985 1407 2077 1428 nostra

1133 1437 1156 1458 et
1172 1433 1287 1466 fratrum
1304 1439 1453 1460 nostrorum
1466 1436 1617 1468 praesentia
1631 1437 1772 1468 prudenter
1786 1445 1802 1461 a
1814 1437 1931 1470 partibus
1948 1438 2075 1470 alleqatis,

1133 1468 1192 1494 Nos
1205 1468 1396 1501 attendentes,
1407 1469 1483 1502 quod
1496 1469 1584 1502 laicis,
1594 1470 1679 1496 etiam
1692 1471 1840 1504 religiosis,
1851 1479 1936 1505 super
1948 1472 2074 1498 ecclesiis

1133 1507 1161 1528 et
1178 1503 1308 1536 personis
1322 1504 1519 1529 ecclesiasticis
1536 1504 1612 1530 nulla
1628 1505 1664 1530 sit
1682 1505 1817 1531 attributa
1829 1505 1986 1539 facultas28,
2005 1514 2076 1540 quos

1134 1537 1312 1571 obsequendi
1331 1542 1426 1564 manet
1443 1539 1608 1571 necessitas,
1627 1547 1683 1565 non
1700 1540 1850 1566 auctoritas
1872 1541 2037 1574 imperandi,
2059 1549 2076 1566 a

1133 1571 1244 1605 quibus,
1258 1572 1281 1597 si
1295 1572 1363 1606 quid
1376 1577 1455 1598 motu
1468 1573 1581 1607 proprio
1595 1578 1731 1599 statutum
1743 1573 1835 1607 suerit,
1849 1575 1925 1609 quod
1943 1575 2074 1601 ecclesia—

1132 1614 1193 1631 rum
1205 1606 1320 1632 etiam‘ffl
1337 1607 1468 1641 respiciat
1485 1608 1663 1633 commodum
1677 1612 1705 1633 et
1722 1608 1857 1641 favorem,
1875 1609 1975 1635 nullius
1989 1609 2073 1635 firmi-

1133 1641 1196 1666 tatis
1222 1641 1369 1673 exsistit³⁰,
1394 1641 1446 1667 nisi
1471 1642 1506 1668 ab
1532 1643 1653 1668 ecclesia
1673 1643 1757 1669 fuerit
1778 1644 1975 1677 approbatum,
1996 1644 2071 1670 unde

1132 1679 1268 1701 statutum
1288 1676 1413 1701 Basilii&
1440 1676 1476 1702 de
1497 1685 1554 1702 non
1576 1677 1730 1703 alienandis
1752 1678 1875 1711 praediis
1896 1679 2006 1704 rusticis
2028 1679 2072 1704 vel

1132 1710 1255 1743 urbanis,
1276 1710 1437 1736 ministeriis
1459 1715 1488 1737 et
1509 1712 1680 1737 ornamentis
1703 1712 1894 1745 ecclesiarum,
1911 1713 1958 1739 illa
1979 1722 2073 1747 repro-

1131 1744 1228 1770 batum
1246 1744 1345 1770 fuit32*
1362 1745 1510 1779 potissima
1527 1746 1645 1779 ratione,
1664 1746 1741 1780 quod
1758 1747 1924 1773 auctoritate
1946 1756 2001 1773 non
2023 1748 2074 1773 fuit

1131 1779 1250 1804 Romani
1266 1779 1408 1805 Pontificis
1426 1780 1597 1813 roboratum,
1614 1790 1646 1806 ne
1657 1781 1685 1805 in
1697 1782 1839 1814 ezemplzun
1852 1786 1967 1807 transeat
1978 1782 2073 1807 similia

1128 1814 1319 1846 praeszonendi,
1331 1814 1407 1848 quod
1417 1823 1435 1840 a
1444 1819 1575 1841 senatore
1581 1815 1605 1833 33
1618 1815 1722 1841 factum
1733 1815 1824 1841 suerat
1834 1816 1861 1841 in
1871 1817 2074 1850 praeiudicium

1131 1848 1302 1881 monasterii,
1319 1857 1376 1874 non
1392 1850 1532 1881 conventi,
1549 1850 1631 1876 nec3⁴
1649 1850 1771 1876 confessi
1788 1851 1864 1876 etiam
1881 1851 1926 1877 vel
1943 1851 2072 1884 convicti,

1127 1891 1238 1916 prorsus
1260 1883 1288 1908 in
1309 1883 1416 1909 irritum
1437 1889 1613 1916 revocantes,
1635 1884 1752 1911 easdem
1776 1886 1973 1919 possessiones
1994 1886 2074 1912 resti-

1132 1917 1250 1943 tuendas
1267 1917 1321 1943 sibi
1338 1918 1543 1944 sententialiter
1561 1919 1724 1951 diffinimus,
1740 1928 1787 1944 nec
1804 1921 1875 1953 ipsas
1891 1925 1936 1946 etc.
1952 1920 1999 1955 [cf.
2012 1930 2034 1946 c.
2048 1929 2073 1953 3.

1131 1956 1156 1977 ut
1170 1952 1213 1977 tite
1221 1953 1298 1985 penit.
1313 1953 1351 1978 II.
1369 1955 1408 1978 16.
1444 1953 1544 1978 Datum
1556 1954 1682 1979 Lateran.
1702 1954 1728 1979 V.
1742 1954 1804 1980 Kal.
1819 1955 1884 1981 Dec.
1901 1955 1987 1990 1199.]

1534 2031 1606 2051 CAP.
1621 2031 1674 2051 XL!

1169 2064 1247 2084 Poena
1256 2065 1390 2090 simpliciter
1399 2066 1500 2089 apposita
1509 2068 1600 2090 propter
1611 2067 1775 2087 contumaciam
1786 2067 1810 2087 iu
1820 2067 1888 2087 dubio
1898 2068 2031 2093 intelligitur

1426 2093 1564 2116 temporalis,
1576 2095 1597 2112 et
1608 2099 1654 2112 nou
1664 2095 1777 2118 perpetua.

1256 2142 1346 2169 Idem
1371 2142 1546 2169 universis
1572 2143 1784 2170 Doctoribus
1808 2145 1949 2171 Parisiis

1443 2183 1760 2209 commorantibus&

1199 2228 1240 2253 Ex
1258 2228 1346 2255 literis
1363 2234 1476 2255 vestrae
1495 2229 1653 2256 devotionis
1672 2230 1857 2264 accepimus³‚
1879 2232 1976 2265 ἦ-ιμιωιΙ,
1994 2241 2071 2266 quum

1130 2262 1234 2296 quidam
1247 2264 1378 2288 modern&
1397 2264 1513 2289 doctores
1530 2265 1674 2290 liberalium
1691 2266 1784 2291 artium
1799 2275 1815 2291 a
1828 2266 1952 2291 maiorum
1966 2276 2071 2292 suorum

1130 2297 1241 2330 vesttyiis
1254 2299 1280 2322 z'n
1293 2299 1374 2323 tribus
1388 2299 1561 2332 praesertim5
1578 2300 1694 2325 articulis
1708 2300 1846 2332 deriarcnt,
1863 2301 1948 2326 habitu
1962 2302 2072 2326 videlicet

1129 2332 1268 2365 inhonesto,
1287 2333 1330 2357 in¹³
1347 2334 1482 2358 lectionum
1500 2338 1522 2358 et
1540 2334 1740 2367 disputationum
1758 2335 1847 2360 ordine
1864 2345 1913 2360 uon
1927 2340 2036 2367 serrato,
2049 2341 2072 2360 ct

1128 2366 1187 2398 pio7
1211 2376 1259 2391 'usu
1280 2368 1306 2392 in
1328 2368 1487 2393 velehranzlts
1508 2369 1633 2402 ersequiis
1655 2370 1825 2394 decedentium
1847 2370 1996 2395 clericorum
2019 2371 2070 2394 ium

1130 2401 1207 2433 quasi
1214 2401 1317 2434 penitus
1330 2403 1485 2435 negllujenter
1498 2403 1599 2434 omis-so,
1614 2412 1665 2434 ros,
1684 2404 1812 2437 cupientes
1829 2409 1926 2429 restrae
1939 2405 2071 2429 consulere

1129 2435 1263 2467 honestati,
1285 2440 1340 2461 octo
1362 2446 1393 2461 ea:
1415 2437 1484 2461 cobis
1500 2437 1599 2462 iuratos
1616 2438 1650 2462 (ul
1666 2438 1712 2462 leot·
1729 2439 1883 2463 unanimiter
1905 2439 2020 2471 eleyistts,
2045 2443 2070 2463 ut

1129 2478 1206 2502 super
1224 2470 1297 2495 dictis
1315 2472 1431 2496 articulis
1447 2472 1478 2496 de
1492 2472 1657 2505 prudentium
1675 2473 1786 2497 virorum
1809 2473 1914 2497 canza-ilio
1934 2473 1999 2497 bona
2018 2474 2070 2506 side

1128 2508 1268 2530 statuerent
1282 2506 1350 2538 quod
1365 2505 1433 2537 foret
1445 2506 1581 2539 expediens
1594 2511 1615 2531 et
1628 2507 1767 2539 honestum,
1781 2508 1815 2533 ad
1827 2508 1890 2532 illud
1902 2507 1927 2531 in
1937 2511 2069 2540 posterum

1128 2538 1314 2564 obseruandum
1324 2548 1368 2565 uos
1378 2541 1521 2565 iuramento
1532 2541 1679 2574 interposito
1690 2542 1857 2566 communiter
1863 2542 2043 2574 adstrinyendo
2050 2543 2069 2573 ⁸,

1128 2578 1232 2607 eze-epto
1246 2574 1372 2599 ‹Iuntarat
1384 2575 1508 2607 mayistro
1523 2576 1579 2607 G.²·‚
1596 2576 1647 2609 qui,
1661 2576 1748 2600 itu-ure
1762 2584 1869 2600 renuens
1882 2580 1903 2600 rt
1916 2575 2069 2607 formidans,

1127 2608 1314 2642 fideiussoriam
1327 2617 1376 2642 pro
1389 2618 1416 2634 se
1428 2614 1526 2634 tautum
1541 2610 1628 2634 obtulit
1642 2610 1793 2635 cautionem.
1820 2610 1904 2634 l³zttt¹⁰
1918 2611 2023 2643 insuper
2036 2612 2071 2635 tul

1128 2643 1255 2668 cautelam
1269 2652 1286 2667 a
1300 2644 1368 2668 vobis
1378 2644 1430 2677 fide
1439 2644 1566 2677 praestita
1575 2645 1595 2661 ¹¹
1606 2645 1724 2677 protinus
1737 2644 1907 2674 constitutum,
1922 2649 1956 2676 ut,
1966 2645 1990 2669 si
2000 2646 2068 2678 ‹luis--

1128 2686 1205 2710 quam
1218 2678 1403 2710 mayistrmwn
1422 2679 1544 2703 adrersus
1557 2679 1623 2703 (dios
1636 2679 1737 2703 duceret
1751 2679 1923 2709 resistendum,
1937 2684 1959 2703 et
1972 2679 2068 2712 primo,

1127 2712 1238 2736 secundo
1246 2713 1268 2729 1²
1286 2713 1389 2738 tertioue
1406 2713 1573 2737 commaemitus
1590 2712 1662 2744 infra
1679 2713 1788 2737 triduum
1804 2712 1962 2738 uuirersitati
1975 2722 2070 2746 parere

1128 2750 1297 2772 contemneret
1314 2747 1505 2780 mayistrorum,
1522 2756 1553 2772 es:
1571 2751 1629 2772 lunc
1652 2747 1771 2781 beneficio
1787 2747 1914 2772 societatis
1934 2756 2023 2773 eorum
2043 2749 2069 2773 in

1126 2876 1255 2900 supradicto
1266 2877 1292 2896 B.
1345 2878 1379 2896 34)
1389 2882 1443 2896 nen:
1453 2876 1521 2895 dccst:
1533 2874 1594 2897 HJK.-
1604 2875 1650 2895 vel:
1661 2875 1698 2894 t'or

1178 2904 1238 2926 Cap.
1253 2903 1292 2922 Xl.
1326 2904 1345 2927 1)
1361 2903 1488 2922 Itcstitutum
1503 2908 1527 2921 ‹.1.·
1542 2901 1587 2924 ltro.
1605 2902 1650 2920 Bul.
1666 2901 1701 2925 xl,
1716 2901 1760 2920 :ei—l.
1777 2912 1800 2916 —
1814 2900 1909 2921 routmst
1921 2907 1956 2922 uo.
1971 2904 2029 2923 3070.
2046 2913 2067 2917 —-

1125 2928 1193 2952 Pomp.
1207 2929 1243 2947 lll.
1255 2934 1272 2947 c.
1284 2931 1314 2948 lzl.
1325 2929 1351 2947 dc
1364 2930 1424 2947 iuret.
1436 2931 1463 2951 (ι’,
1478 2929 1518 2951 13.)
1575 2929 1596 2947 ι’)
1611 2928 1726 2946 Universis
1741 2927 1871 2947 doctoribus
1879 2934 1956 2948 sacrae
1966 2930 2068 2954 paginae,

1126 2954 1268 2974 dem-etorum
1283 2957 1306 2974 οι
1320 2955 1447 2973 liberalium
1463 2955 1543 2973 artium
1559 2953 1651 2972 Parisiis
1666 2954 1866 2973 commorantibus:
1882 2953 1929 2979 ttey.
1943 2955 1983 2974 (luta
1993 2965 2017 2969 —
2027 2962 2068 2975 scr.

1125 2984 1158 2998 uo.
1170 2982 1226 2999 1:302).
1237 2990 1261 2994 -—
1300 2981 1321 3003 3)
1333 2981 1467 3004 recolmnus:
1481 2979 1507 3000 K,-
1517 2979 1585 2997 diest:
1595 2980 1610 2996 t1'
1650 2979 1670 2999 4)
1681 2978 1743 2998 ‹ul‹l.:
1753 2979 1850 2999 scilicet:
1861 2980 1887 2999 Ch
1926 2981 1948 3005 ἕ»)
1958 2982 2068 3001 maxime:

1125 3006 1165 3024 L'uc
1217 3006 1239 3029 6)
1254 3007 1289 3025 in:
1304 3006 1372 3025 tuest:
1386 3006 1412 3024 tb.
1466 3006 1485 3024 ἲ)
1501 3010 1550 3028 pro:
1565 3006 1603 3025 t'vt:
1616 3005 1714 3028 proprio.-
1727 3006 1752 3024 (¹⁶
1807 3006 1828 3028 ³)
1843 3007 2029 3031 constringendo:
2043 3008 2070 3027 (Ψ

1126 3032 1147 3055 9)
1162 3033 1190 3051 13:
1206 3033 1245 3051 (lac
1299 3034 1331 3057 lo)
1346 3031 1408 3051 acld.:
1427 3031 1506 3051 utiam:
1521 3030 1548 3049 t'b
1602 3032 1635 3055 11)
1650 3031 1794 3056 interposita:
1808 3031 1835 3051 ib.
1889 3032 1921 3058 12)
1935 3035 1958 3054 et
1969 3038 2026 3053 sem:
2041 3034 2068 3056 ib.
