2243 3288
161 186 221 211 LXI

156 273 242 292 meae
262 262 386 292 editioni
406 261 532 290 adiectis
550 261 676 295 videbis,
696 261 815 289 codices
829 269 932 288 omnes
952 260 1013 288 sere
1033 269 1096 288 eas-

158 307 227 335 dem
255 305 396 334 lectiones
423 304 580 342 praebere,
608 313 685 341 quae
714 303 744 331 in
766 303 945 332 Taurinensi
969 308 1115 336 exstant,‘

157 358 254 386 neque
268 357 370 376 verum
384 353 500 375 textum
512 346 768 376 Clementinarum
779 345 994 383 elegantiorem
1006 345 1096 373 fuisse
1114 344 1115 351 ¹

158 392 208 420 illo
228 400 318 428 quem
335 389 492 427 Donniges
510 389 712 426 reprehendit.

222 434 282 463 Sed
305 439 410 471 pergat
430 432 487 460 ille.
524 432 675 466 „Priorem
694 435 787 465 ver0,“
811 431 915 468 inquit,
943 436 1097 465 „aetatem

157 477 249 505 nostri
270 482 371 505 textus
394 475 581 513 potissimum
604 475 732 512 probant
755 474 938 507 additiones,
966 482 1043 510 quae
1068 473 1097 500 in

159 519 355 549 Clementinis
376 517 514 555 Corporis
537 517 608 546 iuris
631 522 794 545 occurrunt.
840 516 960 545 Etenim
984 516 1014 543 in
1033 525 1097 543 sen-

157 562 251 591 tentia
272 561 436 591 Clementis
454 562 554 598 Papae
574 560 612 589 de
635 560 789 588 fidelitatis
814 559 992 592 iurament0‚
1017 558 1097 595 quod
1115 553 1116 560 ¹

158 606 197 634 ab
224 606 406 642 Imperatore
434 603 566 631 Henrico
591 604 655 630 VII.
683 602 860 640 praestitum
891 602 941 636 sit,
973 601 1011 630 de
1039 610 1098 629 uno

157 653 274 676 tantum
294 647 460 675 iuramento
479 645 633 674 fidelitatis
648 645 810 679 disseritur,
830 645 911 682 quod
931 644 989 672 alio
1009 644 1098 672 modo

157 689 389 719 consecrationis
411 694 441 717 et
464 688 662 717 coronationis
684 694 818 725 tempore
841 693 871 715 et
894 693 960 725 post
979 696 1097 715 corona·
1115 682 1116 696 ³

157 734 271 762 tionem
294 732 413 769 saepius
437 732 475 760 ab
494 731 626 759 Henrico
644 732 708 759 VII.
731 730 890 768 repetitum
915 736 944 758 et
966 730 1116 767 recogni<1

157 782 221 804 tum
240 776 285 810 sit,
305 776 335 803 in
351 775 480 812 Corpore
500 780 600 802 autem
620 773 690 801 iuris
710 773 846 802 canonici
866 773 904 802 de
925 772 1098 801 iuramentis

159 818 314 848 fidelitatis
342 818 471 851 duobus,
504 826 581 854 quae
608 816 758 844 Henricus
784 817 848 844 VII.
877 822 946 844 ante
979 825 1098 843 corona-

157 862 270 890 tionem
302 860 484 898 praestiterit
515 866 544 888 et
574 865 641 897 post
673 859 895 887 coronationem
927 858 1098 886 innovarit.“

158 906 227 933 Hac
254 904 284 932 in
311 913 342 932 re
371 913 456 932 suum
486 908 604 931 textum
632 912 699 930 cum
726 901 889 930 Ptolemaei
918 901 1098 929 concordare

158 947 257 976 verbis
288 956 377 984 supra
404 945 644 974 commemoratis
675 945 840 979 contendit,
873 954 932 981 quo
958 945 1099 982 probetur

158 990 260 1019 omnia
283 990 313 1018 in
338 988 535 1018 Clementinis
558 988 733 1025 interposita
757 997 835 1021 esse,
859 997 936 1024 quae
961 987 990 1015 in
1014 993 1099 1015 textu

157 1032 337 1061 Taurinensi
348 1031 563 1060 desiderentur.
583 1031 643 1060 Sed
659 1030 863 1059 doctissimum
877 1030 973 1058 virum
989 1030 1098 1067 fugisse

158 1076 234 1104 mihi
264 1075 382 1104 videtur
413 1075 522 1103 eadem
553 1074 584 1102 in
616 1083 668 1102 suo
700 1079 790 1111 atque
822 1079 920 1101 nostro
947 1079 1032 1101 textu
1061 1073 1099 1101 de

159 1118 333 1147 iuramentis
349 1118 387 1146 ab
401 1118 583 1154 Imperatore
602 1116 753 1154 praestitis
771 1116 859 1150 tradi,
878 1125 975 1153 neque
996 1126 1013 1144 a
1031 1124 1100 1143 vero

159 1162 316 1190 discedere
345 1160 574 1189 Clementinam.
631 1160 665 1187 In
691 1159 871 1187 Taurinensi
903 1159 983 1187 enim
1015 1164 1100 1186 textu

157 1204 287 1242 primum
306 1203 465 1232 iuramenti
484 1203 516 1231 fit
534 1202 655 1237 mentio,
675 1202 755 1239 quod
774 1201 961 1239 imperatoris
979 1201 1100 1229 nomine

158 1247 251 1285 legati
267 1246 330 1275 eius
345 1255 389 1275 ao.
409 1255 496 1283 1309.
510 1255 608 1283 papae
627 1245 846 1282 praestiterunt,
862 1245 1003 1282 quodque
1019 1244 1100 1281 apud

159 1290 345 1326 Raynaldum
363 1288 416 1327 (ad
439 1290 467 1317 h.
488 1299 513 1317 a.
532 1298 559 1326 p.
579 1288 660 1325 469.)
680 1288 806 1316 inveniri
828 1294 938 1325 potest;
967 1287 1099 1315 secundo

159 1333 367 1362 iusiurandum
382 1337 630 1360 commemoratur
645 1331 725 1368 quod
736 1331 885 1359 Henricus
901 1329 1098 1358 coronationis

159 1385 231 1405 suae
249 1381 383 1413 tempore
402 1374 591 1412 praestiterit,
611 1374 691 1411 quod
706 1375 812 1402 XXLX.
829 1373 878 1402 die
892 1373 1003 1401 mensis
1022 1371 1099 1400 Iunii

160 1429 186 1448 a.
215 1427 302 1455 1312.
328 1419 440 1446 factum
472 1427 537 1446 esse
565 1422 687 1445 constat.
740 1416 843 1445 Tertio
876 1416 1006 1453 denique
1034 1415 1099 1443 loco

159 1460 370 1499 imperatorem
408 1461 437 1488 in
474 1470 580 1488 manus
611 1459 730 1488 loannis
762 1460 800 1488 de
831 1459 949 1487 Molans
986 1458 1098 1486 iurasse

158 1504 299 1539 traditur,
327 1503 411 1532 cuius
439 1502 597 1531 iuramenti
625 1503 751 1530 formula
780 1502 861 1539 apud
893 1501 990 1539 ipsum
1017 1502 1098 1529 Don-

160 1548 263 1586 nigesl
291 1546 414 1584 reperiri
446 1552 551 1583 potest.
605 1545 708 1573 Trium
736 1545 838 1582 itaque
866 1544 1099 1572 iuramentorum

159 1591 192 1619 fit
219 1590 331 1626 mentio
359 1589 397 1618 de
425 1589 533 1626 quibus
560 1588 675 1617 eisdem
704 1588 733 1616 in
762 1587 952 1616 Clementina
980 1586 1099 1615 disserit

159 1643 252 1671 papa,
281 1642 358 1670 quae
387 1632 545 1660 formulam
568 1630 693 1660 secundi
716 1630 924 1658 tantummodo
948 1630 1100 1658 afferendo

159 1676 311 1713 discrepat
338 1685 355 1703 a
382 1680 467 1703 textu
488 1674 676 1702 Taurinensi.
722 1673 815 1702 Cuius
842 1673 873 1701 in
901 1672 986 1701 initio
1013 1672 1037 1701 si
1061 1673 1099 1701 de

160 1719 323 1747 iuramento
351 1717 472 1752 dicitur,
504 1717 556 1746 ubi
584 1717 614 1745 in
643 1716 832 1745 Clementina
860 1716 898 1744 de
927 1716 1100 1744 iuramentis

160 1761 272 1790 mentio
298 1761 343 1795 fit,
374 1760 450 1789 nihil
479 1761 519 1789 ad
545 1769 609 1788 rem
637 1760 735 1788 facere
762 1759 891 1793 videtur,
923 1758 1099 1796 praesertim

159 1815 252 1842 quum
271 1804 363 1832 etiam
380 1804 430 1832 XI.
450 1803 570 1832 Octobr.
594 1811 681 1839 1310.
702 1802 862 1840 imperator
880 1811 912 1830 re
930 1811 1001 1830 vera
1023 1801 1100 1829 iura-

160 1853 295 1876 mentum
312 1846 495 1884 praestiterit
514 1846 694 1883 (Donniges,
717 1846 752 1873 II.
776 1854 809 1873 12
816 1845 862 1882 3.),
882 1845 963 1882 quod
981 1845 1030 1872 VI.
1050 1844 1100 1873 die

160 1890 229 1919 Iulii
257 1899 344 1927 1312.
367 1895 433 1927 post
455 1889 677 1917 coronationem
704 1888 857 1916 renovavit
880 1887 1037 1925 (Raynald.
1061 1887 1101 1916 ad

161 1943 186 1962 a.
211 1941 298 1970 1312.
317 1943 344 1970 p.
364 1932 434 1970 40.).
471 1932 559 1968 Quae
578 1941 646 1960 vero
666 1931 747 1969 apud
765 1931 955 1959 Ptolemaeum
974 1930 1101 1968 legimus

161 1986 197 2005 ea
216 1985 314 2013 neque
331 1975 511 2003 Taurinensi
535 1984 632 2012 neque
656 1980 755 2002 nostro
777 1973 875 2002 textui
899 1979 1100 2002 consentanea

161 2025 236 2048 sunt.

225 2062 332 2098 Neque
351 2060 472 2089 maioris
491 2066 559 2088 sunt
577 2060 720 2088 momenti
739 2069 817 2097 quae
842 2060 926 2087 affert
944 2059 1100 2096 Donniges

162 2105 202 2134 ad
225 2104 415 2142 probandum
433 2103 651 2131 Taurinensem
673 2108 791 2131 textum
811 2102 971 2131 decretalis
994 2101 1100 2139 prioris

161 2148 269 2178 aetatis
301 2156 366 2175 esse
399 2156 489 2183 quam
518 2145 726 2174 Clementinae
759 2154 837 2182 quae
865 2155 888 2173 c.
919 2153 944 2173 2.
973 2144 1012 2182 (2,
1044 2146 1100 2184 11.)

162 2196 269 2220 exstat.
471 2195 477 2200 '

223 2235 336 2262 Verum
355 2232 479 2269 quidem
498 2237 550 2265 est,
574 2231 677 2259 fortius
696 2236 725 2259 et
745 2230 841 2259 acrius
860 2230 890 2258 in
911 2230 1101 2259 Clementina

160 2287 263 2316 regern
282 2275 432 2313 obiurgari
457 2284 548 2311 quam
570 2274 599 2301 in
618 2273 797 2302 Taurinensi
817 2273 974 2307 decretali,
1002 2282 1100 2310 neque

161 2321 260 2350 minus
273 2328 384 2353 verum,
405 2318 435 2346 in
450 2316 641 2346 Clementina
659 2326 771 2354 papam
790 2316 1001 2353 imperatorem
1016 2326 1100 2344 accu-

161 2373 235 2398 sare,
246 2362 327 2400 quod
336 2360 489 2399 pontificia
505 2360 568 2388 iura
582 2359 744 2394 violaverit,
755 2369 846 2396 quum
858 2359 888 2387 in
902 2365 987 2387 textu
996 2359 1100 2388 Tauri-

161 2406 247 2435 nensi
263 2411 292 2434 et
305 2404 429 2433 Roberti
445 2403 610 2431 Siciliensis
629 2402 707 2440 regis
721 2402 848 2430 violasse
863 2408 1011 2439 arguatur.
1039 2403 1100 2431 Sed

161 2459 254 2487 quum
265 2448 325 2477 iam
335 2447 506 2481 viderimus,
514 2455 604 2483 quam
616 2445 801 2482 negligenter
810 2445 990 2473 Taurinenis
999 2450 1100 2473 textus

161 2492 286 2530 scriptor
299 2491 425 2519 alteram
441 2488 606 2518 Clementis
617 2488 800 2516 decretalem
815 2487 1013 2525 exscripserit,
1028 2498 1099 2516 num

161 2535 265 2564 mirari
291 2542 456 2572 possumus,
484 2532 565 2569 quod
588 2532 664 2559 haec
687 2540 806 2567 quoque
829 2540 1054 2567 nonnumquam
1082 2540 1099 2559 a

163 2577 354 2608 Clementina
370 2576 529 2612 discrepat.
548 2575 654 2611 Neque
665 2573 804 2601 Reimann
816 2573 960 2601 accedere
970 2583 1099 2610 possum,

162 2621 213 2658 qui
236 2629 337 2659 quum·
352 2619 383 2647 in
407 2617 597 2648 Clementina
619 2615 822 2644 translationis
847 2616 964 2653 imperii
989 2616 1101 2644 mentio

162 2665 225 2698 fiat,
250 2669 339 2700 atque
363 2661 530 2699 explicetur
554 2660 598 2688 ius
622 2659 753 2697 eligendi
774 2660 975 2687 Romanorum
998 2668 1099 2697 regem

161 2716 215 2744 per
245 2715 356 2744 papam
389 2703 572 2733 Germaniae
604 2702 781 2731 electoribus
818 2711 991 2730 concessum
1028 2711 1100 2736 esse,

161 2750 305 2778 Ioannem
322 2748 415 2777 XXII.
435 2747 499 2775 eius
519 2752 668 2774 auctorem
689 2754 753 2773 esse
773 2745 899 2779 censet2,
919 2744 1030 2782 quippe
1049 2745 1100 2781 qui

162 2793 274 2821 haecce
298 2796 474 2829 argumenta
502 2788 677 2826 saepissime
703 2787 879 2825 protulisset.
933 2788 996 2815 Iam
1021 2787 1101 2815 enim

162 2835 344 2864 Innocentius
354 2834 404 2862 ΠΙ.
424 2833 532 2861 iisdem
548 2830 752 2860 fundamentis
766 2830 907 2867 papalem
922 2835 1100 2867 potestatem

163 2884 316 2906 exstruere
336 2882 458 2905 conatus
477 2876 546 2910 est3,
565 2880 594 2903 et
615 2874 677 2911 ipse
694 2873 834 2902 Clemens
855 2872 884 2901 in
903 2873 990 2901 Bulla
1009 2883 1100 2910 quam

215 2978 235 2997 ll
245 2979 301 2997 Acta
310 2978 338 3000 11,
350 2978 393 2997 123.

214 3004 233 3028 22]
249 3004 409 3027 Forschuugeu
419 3009 438 3022 z.
449 3003 548 3022 deutsch.
560 3001 640 3022 Gcsch.
652 3001 711 3021 vm.
724 3001 854 3024 finningen
866 3000 923 3019 1808*
934 3005 954 3024 p.
966 3001 996 3020 13.

613 182 664 207 EX
683 182 820 215 QUIBUS
839 181 1022 207 FONTIBUS
1044 180 1310 207 CLEMENTINAE
1328 181 1507 207 HAUSTAE
1528 181 1619 207 SINT.

2004 183 2078 209 LXII

1132 260 1196 288 eius
1228 270 1293 289 esse
1326 270 1414 289 nemo
1441 266 1530 298 negat
1559 260 1595 288 iis
1622 269 1692 288 usus
1720 258 1789 287 cst⁴.
1838 260 1914 288 Mihi
1947 261 2071 297 quidem

1132 303 1189 330 hoc
1211 303 1398 340 potissimum
1419 303 1616 341 spectandum
1640 312 1705 330 esse
1725 302 1849 337 videtur,
1875 303 1904 330 in
1925 303 1982 331 illis
2003 314 2073 340 quo—

1132 355 1190 382 que
1214 346 1379 380 codicibus,
1407 346 1458 383 qui
1488 346 1571 374 initio
1599 354 1657 373 non
1680 344 1800 373 Ioannis
1828 345 1882 373 sed
1908 346 2072 375 Clementis

1132 388 1284 416 continent
1303 389 1515 426 publicationis
1534 389 1660 422 bullam,
1680 388 1803 416 istarum
1824 388 1951 416 duarum
1971 389 2072 417 decre-

1132 431 1237 459 talium
1266 438 1382 460 textum
1406 432 1535 460 eandem
1560 431 1698 465 inveniri,
1727 436 1817 467 atque
1846 430 1876 458 in
1901 431 2072 466 Codicibus,

1114 493 1115 507 2
1133 474 1183 510 qui
1204 475 1409 503 Clementinas
1429 475 1467 503 ab
1486 475 1596 502 Ioanne
1616 473 1784 511 publicatas
1803 474 1933 502 tradunt.

1197 517 1243 545 Ne
1262 523 1364 545 tamen
1383 517 1568 551 omittamus,
1591 516 1727 545 Ioannem
1746 516 1890 544 Andream
1914 516 1943 544 in
1963 517 2070 554 glossa,

1134 559 1217 587 cuius
1240 561 1330 588 verba
1355 560 1384 588 in
1409 560 1473 597 ipsa
1493 559 1625 588 editione
1645 558 1795 596 inspicias,
1815 559 1855 587 ad
1874 569 1897 587 c.
1922 568 1944 587 1.
1964 562 2003 595 (1,
2029 560 2071 597 1.),

1133 608 1299 636 annotasse,
1320 603 1471 639 quaedam
1492 602 1651 631 decretalis
1669 602 1760 630 verba
1780 602 1819 630 ab
1838 603 1950 630 Ioanne
1970 602 2070 631 deleta

1134 654 1211 679 esse,
1240 655 1317 682 quae
1346 645 1375 673 in
1400 645 1590 674 Clementina
1618 645 1682 681 ipsa
1715 644 1908 673 exstititerint
1936 651 2026 682 atque
2055 655 2073 673 a

1135 688 1290 716 Clemente
1311 688 1341 716 in
1360 687 1515 716 audientia
1534 687 1687 724 publicata
1708 687 1823 715 fuerint.

1198 731 1258 759 Sed
1274 731 1330 758 ista
1348 731 1440 759 verba
1460 730 1490 758 in
1504 729 1711 767 Marburgensi
1730 730 1833 758 codice
1853 730 2071 765 desiderantur,

1134 779 1253 801 exstant
1280 783 1349 802 vero
1378 774 1407 801 in
1430 772 1584 807 Fuldensi‚
1616 772 1856 806 Vratislaviensi,
1887 773 2071 808 Monacensi,

1135 816 1324 850 Carnotensi,
1356 826 1429 853 quos
1463 814 1668 844 Clementinas
1697 815 1734 843 ab
1766 816 1876 843 Ioanne
1904 816 2074 853 publicatas

1134 859 1278 887 contineri
1302 859 1405 897 negari
1427 858 1544 895 nequit,
1567 867 1659 895 quum
1683 858 1883 892 Monacensis,
1907 859 2072 894 Fuldensis,

1135 902 1328 931 Carnotensis
1361 902 1426 939 ipsa
1457 901 1548 929 verba
1584 900 1717 934 tradant,
1755 906 1785 928 et
1817 900 1907 928 etiam
1943 902 2073 939 glossam

1134 945 1282 979 Andreae,
1303 954 1361 982 qua
1382 944 1433 972 illa
1453 944 1553 973 deleta
1573 943 1663 971 fuisse
1679 942 1874 977 contenditur,
1895 944 2073 973 contineant.

1134 989 1229 1016 Immo
1256 987 1323 1016 aliis
1352 996 1470 1024 quoque
1500 986 1530 1014 in
1559 985 1756 1014 Clementinis
1784 987 2073 1022 comprehendimus,

1133 1031 1224 1059 verba
1241 1030 1270 1058 in
1284 1030 1407 1058 vetustis
1421 1029 1576 1058 codicibus
1591 1028 1748 1062 exstitisse,
1765 1037 1841 1064 quae
1862 1028 1891 1056 in
1906 1030 2074 1057 recentiori-

1134 1075 1190 1102 bus
1214 1073 1322 1102 desunt
1349 1081 1487 1109 quaeque
1510 1071 1649 1100 Editores
1671 1070 1801 1099 Romani
1830 1070 1886 1107 ipsi
1911 1081 1942 1099 se
1966 1072 2073 1109 legisse

1135 1116 1265 1144 tradunt.
1318 1116 1384 1143 Nec
1420 1115 1480 1143 alio
1515 1114 1605 1143 modo
1641 1113 1756 1150 primae
1789 1113 1948 1142 decretalis
1984 1116 2073 1143 verba

1134 1159 1296 1196 posteriore
1323 1164 1458 1195 tempore
1485 1157 1596 1185 omissa
1624 1162 1699 1190 sunt,
1728 1156 1808 1193 quod
1835 1157 1954 1185 Ioannis
1981 1158 2073 1185 XXII.

1135 1202 1279 1230 mandato
1311 1201 1423 1228 sactum
1456 1210 1521 1228 esse
1553 1199 1707 1228 contendit
1739 1199 1863 1236 quidem
1891 1209 1946 1227 nec
1972 1206 2074 1228 tamen

1134 1244 1271 1282 probavit
1289 1243 1442 1281 glossator.

1135 1353 1159 1371 2.
1201 1343 1489 1378 Quemadmodum
1517 1342 1605 1368 liber
1633 1342 1854 1368 inscribatur.

1384 1394 1531 1412 canones
1550 1384 1727 1410 distributi
1752 1385 1828 1410 sint.

1896 1342 2075 1376 Quomodo

1198 1449 1280 1478 Olim
1312 1449 1415 1477 librum
1446 1449 1592 1484 septimum
1624 1452 1827 1484 nuncupatum
1865 1446 1956 1475 fuisse
1988 1446 2074 1475 nobis

1134 1498 1262 1526 constat,
1295 1491 1365 1528 quia
1398 1491 1428 1519 in
1459 1490 1561 1519 multis
1591 1490 1715 1518 vetustis
1746 1489 1900 1518 codicibus
1933 1499 1950 1517 a
1988 1489 2074 1518 nobis

1134 1535 1276 1569 collatis⁵‚
1300 1540 1390 1571 atque
1414 1533 1481 1562 aliis
1505 1534 1543 1562 ab
1567 1532 1635 1561 aliis
1659 1532 1800 1570 inspectis
1828 1532 1871 1560 sic
1898 1533 2074 1569 appellatur,

1134 1584 1224 1615 atque
1261 1577 1324 1615 ipse
1356 1578 1482 1605 Ioannes
1514 1576 1606 1604 XXII.
1639 1575 1720 1604 idem
1757 1584 1865 1603 nomen
1898 1575 2072 1603 adhibuisse

1133 1621 1285 1650 traditurb'.
1336 1620 1461 1649 Glossae
1486 1619 1609 1648 demum
1633 1618 1808 1646 auctoritate
1829 1618 1940 1646 factum
1963 1624 2019 1652 est,
2043 1622 2075 1646 ut

1134 1663 1297 1702 posteriore
1317 1669 1451 1700 tempore
1474 1661 1660 1691 Clemenlz'nae
1678 1666 1860 1690 vocarentur.

1203 1706 1386 1744 Compilatio
1403 1707 1438 1734 V.
1459 1710 1574 1734 constat
1592 1704 1684 1738 libris,
1704 1714 1829 1741 quorum

1254 1751 1275 1778 I.
1386 1758 1395 1777 1
1408 1758 1417 1777 1
1458 1749 1501 1777 tit.
1591 1747 1628 1776 28
1653 1747 1802 1784 capitibus
1827 1745 2007 1783 compositus
2031 1750 2076 1774 est

1243 1794 1279 1821 II.
1387 1800 1420 1820 12
1592 1799 1607 1818 2
1614 1799 1628 1818 2

1231 1837 1280 1864 ΙΙΙ.
1386 1844 1396 1863 1
1406 1844 1419 1872 7
1593 1842 1609 1870 3
1615 1841 1631 1869 3

1230 1880 1280 1907 IV.
1409 1887 1419 1906 1
1619 1885 1629 1904 1

1246 1923 1281 1950 V.
1387 1930 1397 1949 1
1409 1929 1418 1948 1
1594 1927 1608 1947 2
1615 1927 1630 1946 2

1209 1991 1313 2010 omnes
1385 1989 1421 2017 52
1576 1988 1586 2007 1
1593 1979 1633 2007 oo
1640 1978 1651 1997 ⁷

1135 2092 1160 2116 3.
1197 2083 1242 2108 Ex
1261 2082 1383 2116 quibus
1404 2079 1557 2106 fontibus
1578 2078 1814 2105 clementinae
1832 2077 1978 2102 haustae
1998 2075 2076 2101 sint.

1198 2138 1318 2164 Praeter
1350 2135 1425 2163 duas
1457 2131 1702 2161 antecedentium
1733 2139 1880 2168 paparum
1909 2129 2075 2157 decretales

1134 2197 1176 2200 —
1194 2179 1327 2207 Bonifac.
1350 2178 1429 2205 VIII.
1458 2178 1505 2204 Po.
1535 2183 1647 2213 24913.
1677 2183 1702 2202 2.
1731 2175 1770 2211 (5,
1800 2174 1850 2211 7.);
1884 2173 1997 2201 Urban.
2026 2172 2075 2199 IV.

1187 2272 1208 2291 35
1224 2272 1257 2291 Cf.
1269 2278 1287 2290 c.
1298 2272 1330 2290 34.
1340 2271 1367 2289 X.
1380 2270 1406 2294 sl,
1417 2270 1445 2289 G)

1186 2298 1208 2321 4)
1223 2298 1264 2321 Ap.
1274 2295 1382 2319 nannum.
1393 2296 1428 2315 ad.
1439 2301 1459 2314 a.
1470 2295 1521 2314 1314
1530 2299 1566 2313 nn.
1577 2295 1595 2312 2.

1148 2350 1155 2356 v
1187 2325 1207 2360 ζμ
1223 2323 1294 2342 cod-l.
1308 2323 1420 2346 Marburg.
1436 2322 1523 2340 Monac.
1538 2320 1595 2339 13:347.
1610 2318 1731 2339 vmtislav.
1749 2317 1890 2337 Beroliuens.
1906 2316 1959 2335 Cod.
1981 2316 2018 2334 lat.
2039 2315 2076 2333 sul.

1136 2350 1178 2369 Μ’
1187 2350 1207 2399 ἐ)
1219 2349 1353 2399 {iffi-inps
1364 2374 1428 2392 K.-R.
1438 2373 1476 2392 1v.
1487 2372 1525 2391 386
1535 2377 1583 2395 sqq.

1188 2406 1208 2427 Ἰ)

1182 2470 1231 2488 Lib.
1246 2469 1264 2488 1.
1369 2468 1418 2486 Lib.
1433 2467 1461 2486 11.
1557 2466 1607 2485 Lib.
1621 2465 1661 2484 111.
1750 2464 1798 2482 Lib.
1813 2463 1851 2482 1v.
1943 2461 1991 2479 Lib.
2007 2460 2033 2478 v.

1148 2513 1192 2532 Tit.
1245 2511 1299 2535 Cap.
1343 2511 1387 2529 Tit.
1438 2510 1491 2533 Cap.
1536 2509 1580 2528 Tit.
1630 2508 1683 2531 Cap.
1727 2506 1772 2525 Tit.
1821 2505 1872 2528 Cap.
1917 2504 1960 2522 Tit.
2011 2502 2064 2525 Cap.

1178 2548 1189 2566 1
1272 2548 1283 2564 1
1371 2547 1381 2563 1
1465 2545 1477 2562 2
1564 2545 1574 2562 1
1658 2542 1670 2560 :2
1756 2542 1765 2559 1
1850 2541 1859 2558 1
1945 2539 1953 2555 1
2036 2536 2047 2554 :z

1177 2573 1189 2591 ‘2
1272 2572 1284 2590 5
1370 2573 1382 2589 :2
1466 2571 1475 2588 1
1563 2570 1574 2588 2
1659 2568 1671 2585 6
1943 2564 1954 2581 2
2038 2563 2047 2579 1

1178 2599 1189 2617 3
1272 2598 1284 2616 s
1370 2597 1382 2615 3
1466 2597 1477 2614 1
1563 2596 1574 2613 ³
1659 2595 1669 2611 1
1943 2590 1954 2607 ³
2036 2588 2048 2605 3

1177 2625 1190 2643 4
1273 2625 1283 2641 1
1370 2623 1383 2640 4
1467 2623 1477 2640 1
1562 2622 1575 2639 4
1659 2620 1670 2636 2
1943 2615 1954 2631 1
2037 2614 2047 2631 1

1178 2650 1190 2668 5
1273 2650 1284 2667 1
1371 2649 1383 2667 5
1466 2648 1477 2665 2
1563 2647 1575 2665 ·3
1660 2646 1669 2662 1
1943 2640 1955 2657 5
2037 2640 2047 2656 1

1179 2677 1191 2693 ις
1273 2675 1285 2693 3
1372 2675 1384 2692 ss
1467 2675 1477 2691 1
1563 2673 1575 2691 6
1660 2672 1670 2688 1
1943 2666 1954 2683 t:
2037 2665 2047 2682 1

1179 2702 1190 2720 τ
1274 2701 1283 2718 1
1372 2700 1383 2718 τ
1467 2700 1476 2717 1
1564 2698 1574 2716 7
1659 2697 1670 2713 2
1943 2691 1953 2709 7
2037 2690 2048 2707 2

1179 2728 1191 2745 s
1275 2727 1283 2744 1
1372 2726 1384 2743 3
1467 2724 1478 2742 2
1563 2724 1575 2741 s
1659 2723 1670 2738 ·.’
1943 2718 1954 2733 s
2036 2716 2048 2733 3

1179 2755 1191 2771 i>
1274 2752 1285 2770 ι)
1372 2752 1383 2769 u
1468 2751 1479 2768 1
1563 2750 1574 2767 a
1659 2748 1670 2764 z
1943 2742 1954 2759 9
2037 2742 2049 2759 ε

1167 2780 1191 2797 10
1272 2778 1285 2795 4
1361 2778 1385 2795 ιι)
1468 2776 1475 2793 1
1551 2776 1574 2792 m
1659 2773 1669 2790 κ
1932 2768 1955 2785 10
2037 2767 2050 2784 4

1167 2805 1189 2823 11
1275 2804 1285 2821 1
1362 2804 1382 2820 11
1467 2803 1478 2819 -ν
1552 2801 1574 2818 11
1659 2798 1670 2815 2
1932 2794 1955 2811 11
2037 2794 2050 2810 2·

1361 2829 1384 2846 ιι)
1468 2827 1478 2844 τ
1551 2826 1574 2843 12
1659 2824 1670 2840 ²
1931 2819 1956 2837 12

1551 2851 1574 2869 13
1658 2848 1670 2865 3

1551 2877 1575 2894 11
1658 2874 1669 2891 2

1552 2902 1574 2919 15
1659 2900 1666 2916 1

1551 2928 1574 2945 115
1661 2925 1669 2942 1

1551 2953 1572 2970 ιῑ
1660 2951 1667 2967 1

1158 3002 1198 3019 11:
1259 2990 1477 3022 2³112:,2·.¹
1514 2987 1615 3015 Ι1ῖι,
1649 2981 1710 3010 331
1750 2992 1776 3009 1:
1801 2985 1803 3013 l
1851 2991 1861 3008 1
1893 2980 1898 3011 Ι
1924 2990 1963 3008 11:
1989 2997 1991 3013 Α
2026 2990 2050 3008 ει).
