2243 3288
122 231 189 257 1185

438 310 664 339 TITULUS
692 310 742 338 VI.

242 367 298 393 DE
321 367 591 394 EXCESSIBUS
615 366 948 393 PRAEL-ATORUM.

520 446 594 465 CAP.
608 446 661 465 ΠΝ.

123 480 256 500 Providerat
266 479 388 504 Gregorius
398 479 435 498 IX.
447 481 526 499 contra
535 480 625 500 XXVII.
636 480 772 503 gravamina,
783 484 839 503 quae
849 478 943 502 praelati
954 478 1062 501 religiosis

124 507 258 529 inferebant,
273 506 323 525 eod.
338 506 373 524 tit.
388 512 408 524 c.
423 506 494 524 Nimis
509 508 526 525 1.
538 508 559 525 et
568 507 587 525 ⁵2.
606 506 656 524 Hoc
669 511 722 524 vero
738 505 858 524 concilium
873 504 975 528 providet
986 506 1063 522 contra

124 532 200 555 XXX„
216 537 230 550 a
243 532 323 556 quibus
338 532 449 555 praelatos
463 537 550 550 cessare
569 532 684 555 praecipit,
704 533 726 550 et
739 536 779 554 per
792 536 844 549 suos
858 530 957 549 subditos
977 535 1063 548 cessare

166 558 247 581 faeere,
258 557 338 576 iubens
348 558 446 581 ipsorum
457 558 576 581 privilegia.
586 560 607 576 et
617 558 666 576 iura
676 557 767 576 servari.
796 557 824 575 H.
835 556 856 574 d.
867 556 944 574 Ioann.
955 555 1024 574 Andr.

262 607 418 633 Clemens
437 608 472 633 V.
491 607 523 633 in
542 607 689 633 concilio
707 606 921 632 Viennensi1.

181 651 327 684 Frequens
338 655 365 676 et
375 650 491 676 assidua
500 658 551 676 nos
558 649 733 684 quorundam
743 648 938 682 religiosorum
949 648 1063 682 querela

125 685 340 718 circumstrepit,
355 685 432 718 quod
449 685 576 718 plerique
589 683 725 718 episcopi,
739 688 767 709 et
785 691 882 709 eorum
895 683 1062 717 superiore5‚

125 727 158 745 ac
171 719 257 745 ceteri
271 719 453 745 ecclesiarum
466 718 582 752 praelati
595 718 721 752 ipsorum
732 717 927 751 religiosorum
938 718 1062 751 quietem

125 754 226 779 iniuste
239 753 266 778 in
280 753 517 787 subsequentibus
534 752 725 786 multipliciter
739 752 905 785 inquietant.
943 752 1062 784 Quidam

125 788 200 814 enim
218 793 364 821 exemptos
382 788 495 821 capiunt
512 791 540 813 et
554 787 725 812 incarcerant
745 787 774 811 in
796 786 906 812 casibus
924 794 980 811 non
998 794 1062 811 con-

125 822 212 848 cessis
225 831 242 848 a
255 822 322 848 iure.
360 821 481 855 Quidam
493 830 544 855 per
556 821 682 855 gravium
691 821 946 847 interminationem
959 828 1062 854 poena-

125 865 187 882 rum
203 856 369 890 impediunt,
382 864 418 882 ne
435 856 572 881 debentes
591 855 728 889 exemptis
747 855 870 880 decimas
889 863 939 880 seu
957 855 1063 880 reditus

126 891 188 917 illos
202 891 312 916 solvant
325 890 442 922 eisdem,
454 898 526 915 neve
539 890 624 923 aliqui
637 890 737 915 missas
751 897 847 915 eorum
861 889 984 914 audiant.
1004 889 1062 914 Mo-

125 926 216 951 lentes
227 925 254 950 in
263 924 442 956 molendinis,
453 928 481 950 et
491 928 646 958 coquentes
657 924 684 949 in
694 924 781 949 furnis
792 932 898 955 eorum,
909 923 1062 949 servientes

127 967 240 993 quoque
253 964 281 985 et
293 959 414 984 vasallos
427 959 490 984 et2⁸
503 958 673 984 domesticos
685 958 848 990 eorundem,
859 958 903 983 vel
916 958 984 983 alios
997 965 1062 991 qua—

125 994 300 1027 litercunque
312 993 511 1018 contrahentes
525 997 553 1018 et
570 993 771 1026 participantes
790 1001 852 1018 cum
865 992 933 1026 ipsis
947 999 1062 1025 suspen-

127 1028 204 1060 dunt,
218 1027 387 1053 interdicunt
400 1032 428 1053 et
441 1027 682 1053 excommunicant
692 1027 801 1060 absque
812 1035 895 1052 causa
905 1025 1063 1052 rationabili

126 1070 177 1096 pro
199 1062 279 1087 libito
304 1061 465 1090 voluntatis,
486 1061 561 1087 bona
586 1062 695 1087 illorum
720 1061 860 1087 interdum
884 1060 1063 1086 nihilominus

126 1096 221 1122 illicite
242 1100 423 1130 occupantes.
459 1096 512 1121 Et³
533 1095 777 1130 appellationibus,
799 1104 869 1129 quas
894 1094 1064 1128 praedictiv

126 1131 249 1164 exempti
263 1131 299 1156 ob
312 1130 457 1164 praedicta
469 1131 514 1156 vel
526 1131 580 1156 alia
592 1130 754 1163 gravamina
766 1129 968 1155 rationabiliter
981 1129 1063 1154 inter-

126 1169 232 1199 ponunt
243 1164 542 1198 quandoque,minime
554 1164 905 1197 deferentes‚appellantes
916 1163 1063 1189 occasione

126 1199 346 1233 appellationum
359 1199 518 1224 huiusmodi
531 1199 671 1224 interdum
689 1200 811 1232 capiunt,
824 1203 872 1223 aut
885 1198 946 1232 capi
960 1197 1064 1223 faciunt

125 1238 155 1259 et
172 1234 276 1259 carceri
293 1234 455 1267 mancipari.
492 1233 613 1266 Quidam
631 1238 777 1266 praeterea
796 1232 956 1266 capellanos
974 1232 1002 1257 in
1020 1239 1063 1257 ec-

126 1268 229 1300 clesiis,
242 1268 325 1302 pleno
340 1268 398 1293 iure
413 1267 605 1302 spectantibus
619 1267 656 1292 ad
674 1267 800 1299 eosdem,
814 1267 879 1292 licet
891 1266 967 1291 nulla
979 1273 1064 1291 causa

127 1302 218 1328 subsit
234 1302 369 1336 legitima,
388 1302 530 1328 celebrare
547 1310 604 1327 non
621 1302 724 1334 sinunt,
741 1309 792 1327 nec
808 1301 966 1326 ministrare
984 1308 1064 1334 paro-

127 1337 233 1363 chianis
252 1336 443 1362 ecclesiastica
464 1340 648 1362 sacramenta.
684 1335 816 1361 Nonnulli
833 1335 918 1361 etiam
939 1334 1064 1360 indebite

126 1371 255 1403 abbates,
280 1371 434 1396 monachos
459 1375 488 1396 et
509 1378 660 1396 conversos
685 1375 831 1403 exemptos
838 1370 858 1402 5,
882 1377 935 1395 nec
958 1377 1015 1394 non
1036 1372 1065 1394 et

128 1406 244 1431 clericos
262 1405 330 1439 ipsis
349 1405 433 1439 pleno
451 1404 511 1431 iure
529 1405 680 1435 subiectos,
694 1404 716 1430 si
730 1404 770 1430 eis
783 1412 839 1429 non
852 1407 969 1437 pareant
981 1403 1008 1428 in
1020 1402 1064 1428 his

127 1440 222 1472 etiam,
235 1439 264 1464 in
282 1439 382 1473 quibus
400 1447 455 1465 non
472 1443 603 1465 tenentur
620 1438 737 1470 eisdem,
756 1439 911 1464 inconsulta
931 1437 1065 1463 facilitate

127 1474 314 1508 suspendunt,
326 1473 578 1505 excommunicant,
592 1473 706 1507 capiunt
723 1477 751 1498 et
765 1473 946 1503 incarcerant,
959 1480 991 1497 ac
1004 1471 1066 1497 loca

128 1513 157 1534 et
179 1508 312 1534 ecclesias
334 1508 502 1534 interdicunt
523 1508 656 1541 ipsorum.
693 1508 723 1533 In
740 1507 879 1540 exigendo
899 1506 1013 1540 insuper
1029 1505 1065 1531 ab

128 1543 197 1577 ipsis
211 1543 349 1576 exemptis
367 1542 549 1576 ipsorumque
567 1542 686 1568 subditis
704 1541 831 1567 subsidia
847 1540 969 1566 caritatis
986 1548 1065 1566 exce-

129 1577 200 1602 dunt
221 1577 336 1602 nimium
358 1581 454 1602 contra
478 1585 537 1602 eos.
572 1577 608 1602 Et
632 1575 756 1602 insolitas
781 1584 814 1601 ac
835 1575 974 1601 indebitas
998 1574 1066 1608 ipsis

129 1616 227 1637 contra
239 1611 300 1636 iura
313 1612 473 1637 exactiones
486 1611 642 1644 imponunt.
678 1611 774 1636 Novos
787 1618 886 1635 census
901 1614 929 1635 et
942 1608 1066 1634 indebita

130 1654 216 1672 onera
235 1645 442 1679 parochialibus
460 1646 607 1679 imponunt
624 1644 760 1676 ecclesiis,
778 1645 805 1669 in
824 1644 924 1677 quibus
942 1643 1066 1676 exempti

128 1681 171 1706 ius
194 1680 322 1706 obtinent
340 1684 513 1714 patronatus.
549 1680 699 1705 Processus
721 1679 793 1704 iuste
814 1678 914 1710 factos,
932 1686 982 1703 seu
1004 1685 1065 1703 sen-

131 1715 233 1740 tentias
246 1715 318 1740 iuste
331 1715 402 1740 latas
415 1723 431 1739 a
445 1714 583 1747 delegatis
596 1713 672 1739 sedis
685 1712 857 1747 apostolicae
870 1713 916 1738 vel
928 1721 945 1737 a
955 1720 1066 1737 conser-

129 1749 273 1775 vatoribus
291 1757 341 1782 pro
360 1748 498 1782 exemptis
510 1748 644 1782 publicari
662 1756 712 1773 seu
725 1747 896 1773 exsecutioni
909 1746 1037 1772 mandari
1049 1754 1067 1771 a

132 1784 189 1809 suis
211 1783 332 1809 subditis
357 1791 414 1808 non
439 1783 612 1816 permittunt.
647 1781 857 1807 Tabellionibus
882 1781 1001 1814 publicis
1026 1780 1065 1805 in-

130 1818 238 1849 hibent,
252 1825 287 1843 ne
305 1817 490 1843 instrumenta
507 1816 663 1848 conficiant,
676 1821 705 1842 et
722 1815 870 1847 iudicibus,
882 1823 918 1841 ne
931 1814 1066 1840 iustitiam

131 1852 244 1883 faciant,
257 1859 290 1877 ac
308 1851 483 1885 jurisperitis,
496 1859 532 1877 ne
549 1851 695 1876 consilium
707 1850 753 1876 vel
770 1850 900 1875 auxilium
913 1849 1067 1883 praebeant

130 1886 159 1912 in
172 1886 263 1912 causis
276 1894 326 1912 seu
336 1886 456 1919 negotiis
467 1885 629 1911 eorundem.
654 1886 849 1910 Praesentatos
859 1892 910 1918 per
920 1888 1066 1917 exemptos

131 1921 168 1947 ad
187 1920 299 1946 ordines
317 1920 362 1945 vel
378 1919 524 1952 beneficia,
542 1928 660 1953 quorum
677 1918 865 1953 praesentatio
883 1918 919 1944 ad
936 1926 986 1944 eos
1004 1926 1066 1951 per-

131 1956 210 1987 tinet,
222 1955 320 1980 nolunt
333 1954 490 1986 admittere,
502 1954 554 1979 nisi
567 1958 779 1987 praesentantes
793 1953 914 1987 ponant6
932 1952 1066 1978 obedien-

133 1990 199 2015 tiam
217 1989 244 2014 in
261 1989 429 2014 salutatione
446 1989 597 2020 literarum,
611 1996 680 2022 quas
697 1995 748 2021 pro
762 1986 923 2013 huiusmodi
935 1994 1066 2020 praesen-

132 2024 237 2050 tatione
251 2023 449 2048 transmittunt.
474 2022 606 2048 Ecclesiis
618 2030 731 2056 quoque
741 2022 914 2053 vacantibus,
924 2021 952 2046 in
965 2021 1066 2054 quibus

131 2057 303 2084 monasteria
313 2057 354 2082 ius
365 2057 493 2083 obtinent
506 2061 679 2090 patronatus,
689 2056 808 2090 repulsis
818 2055 947 2089 personis
958 2054 1065 2080 idoneis

132 2092 318 2127 praesentatis
329 2091 365 2117 ad
376 2099 576 2125 ea5,personas
586 2091 732 2116 instituunt
742 2090 881 2116 inhabiles
891 2094 919 2115 et
929 2089 1066 2122 indignas.

133 2127 255 2160 Quidam
268 2126 352 2152 etiam
366 2126 499 2151 ecclesias
511 2133 605 2151 curam
618 2126 773 2150 animarum
783 2124 930 2155 habentes,
941 2123 977 2149 ad
990 2131 1066 2148 men-

133 2170 193 2188 sam
206 2161 341 2186 abbatum
353 2164 525 2194 spectantes,
536 2168 652 2193 quarum
663 2159 768 2184 fructus
779 2158 950 2192 quandoque
961 2157 1067 2183 clericis

133 2195 323 2222 saecularibus
337 2194 449 2220 tradunt
463 2202 511 2220 seu
525 2193 683 2219 concedunt
695 2193 732 2218 ad
748 2193 865 2225 firmam,
879 2192 986 2218 clericis
999 2191 1068 2225 ipsis

134 2229 336 2256 decedentibus
347 2228 404 2254 suis
414 2227 561 2254 conferunt
571 2228 687 2259 clericis,
695 2235 855 2261 quanquam
866 2227 943 2260 ipsae
953 2230 1070 2259 propter

133 2265 186 2290 hoc
200 2264 335 2290 ecclesiae
349 2263 376 2289 in
388 2263 506 2288 veritate
519 2271 575 2287 non
588 2266 696 2288 vacent.
713 2261 845 2287 Nonnulli
859 2268 971 2294 quoque
984 2260 1012 2285 in
1025 2268 1069 2286 ec-

133 2299 226 2325 clesiis
239 2298 440 2324 monachorum
453 2297 513 2322 iura
526 2297 649 2330 ipsorum
661 2296 761 2322 iniuste
775 2296 828 2321 sibi
841 2295 1031 2329 appropriant,
1041 2299 1069 2320 et

134 2334 170 2359 de
183 2333 308 2367 ipsorum
321 2331 457 2358 reditibus
471 2336 500 2356 ut
512 2331 609 2356 volunt
622 2330 751 2356 ordinant
764 2330 812 2362 ita,
826 2329 902 2363 quod
915 2329 1069 2354 rectoribus

134 2375 230 2394 earum
247 2375 303 2392 non
320 2370 445 2392 remanet
461 2365 535 2391 unde
550 2365 660 2391 valeant
678 2364 837 2390 sustentari.
873 2363 994 2396 Quidam
1007 2371 1070 2389 cum

134 2402 218 2428 armis
237 2406 265 2427 et
283 2405 376 2427 erecto
394 2400 495 2426 vexillo
512 2399 674 2425 molendina
691 2404 719 2424 et
731 2399 785 2424 alia
797 2398 872 2423 bona
885 2402 982 2423 contra
995 2397 1070 2423 iusti-

134 2437 201 2463 tiam
214 2436 361 2462 destruunt
374 2439 578 2468 exemptorum,
592 2441 664 2467 quae
678 2433 762 2459 etiam
775 2437 852 2458 tanto
866 2436 993 2466 tempore
1006 2440 1070 2465 pos-

135 2470 294 2502 sederunt7,
305 2469 381 2503 quod
394 2469 430 2494 de
441 2468 578 2494 contrario
588 2468 723 2493 memoria
733 2475 789 2493 non
802 2466 921 2493 exsistit.
946 2466 1070 2491 Mittunt-

135 2514 190 2539 que
201 2504 363 2538 frequenter
373 2503 409 2529 ad
419 2502 588 2528 monasteria
596 2510 708 2527 suarum
719 2501 862 2527 civitatum
872 2505 899 2526 et
910 2500 1071 2526 dioecesum

134 2548 200 2566 suos
222 2538 445 2571 consanguineos
468 2542 496 2563 et
517 2541 646 2570 nepotes,
664 2540 692 2562 et
713 2535 853 2561 interdum
875 2535 1005 2560 animalia
1021 2543 1071 2560 sua

135 2582 197 2600 cum
224 2572 398 2604 custodibus,
419 2576 450 2597 ut
475 2571 515 2597 eis
542 2571 578 2596 de
603 2570 685 2596 bonis
709 2569 945 2595 monasteriorum
969 2568 1072 2595 debeat

134 2607 285 2643 provideri.
321 2606 448 2632 Abbates
473 2605 588 2639 insuper
612 2610 640 2631 et
668 2604 775 2638 priores
804 2603 1071 2629 monasteriorum&-

135 2644 298 2676 frequenter
319 2640 500 2674 compellunt,
518 2644 547 2664 ut
569 2639 625 2665 suis
643 2638 858 2672 consanguineis
876 2642 905 2663 et
921 2637 1071 2671 nepotibus

135 2676 369 2704 monasteriorum
391 2682 505 2700 suorum
526 2682 575 2700 seu
597 2673 769 2707 prioratuum
791 2672 986 2706 possessiones
1007 2679 1071 2697 con-

135 2712 236 2738 cedant
254 2711 282 2736 in
302 2714 470 2744 perpetuum
486 2708 531 2734 vel
550 2707 586 2733 ad
604 2712 808 2741 tempus,·quas
827 2706 942 2740 quidem
959 2713 1071 2732 conces-

136 2746 231 2772 siones
248 2745 294 2771 vel
315 2742 500 2778 pensionesss·
517 2750 568 2768 nos
586 2741 675 2767 nullas
693 2749 757 2767 esse
774 2740 902 2766 volumus
920 2740 982 2774 ipso
1003 2740 1072 2766 iure.

136 2780 262 2807 Eosdem
279 2786 393 2813 quoque
411 2777 528 2803 abbates
544 2781 572 2802 et
589 2776 695 2810 priores
714 2775 885 2809 quandoque
902 2774 1073 2808 compellunt

136 2815 174 2841 ad
186 2812 424 2849 praesentandum
441 2811 494 2838 sibi
511 2810 548 2837 ad
565 2810 700 2837 ecclesias
716 2814 858 2840 vacantes,
871 2809 898 2834 in
917 2809 1018 2842 quibus
1031 2808 1072 2834 ius

137 2850 265 2876 obtinent
282 2851 456 2882 patronatus,
474 2846 532 2872 ct¹⁰
553 2845 590 2871 ad
607 2843 833 2870 monachandum
850 2843 990 2869 interdum
1007 2851 1072 2869 suos

138 2883 298 2916 familiares,
321 2880 544 2914 consanguineos
566 2879 610 2905 vel
631 2883 759 2913 nepotes.
795 2878 968 2911 Frequenter
989 2877 1074 2903 etiam

188 2987 242 3007 Tit.
256 2987 295 3008 VI.
331 2987 392 3010 Cap.
407 2990 445 3004 un.
481 2984 502 3006 1)
517 2984 581 3003 fusor.
595 2982 664 3002 acesi:
678 2982 706 3003 A:
725 2981 819 3002 Vicum:
833 2980 899 3000 Aust:
913 2978 932 3000 B
1007 2980 1029 3004 2)
1038 2986 1076 3001 ao:

137 3011 258 3033 ABCDEFG
298 3013 319 3033 3)
328 3013 369 3031 Et:
384 3011 452 3031 ‹Iccsts
466 3009 501 3029 AB
543 3011 564 3033 1²¹)
574 3008 664 3033 prae‹1.:
678 3008 747 3027 deest:
760 3006 880 3027 ABCBEM
917 3006 938 3029 5)
947 3008 970 3026 et
979 3011 1026 3026 ειμι
1041 3006 1076 3026 ΛΒ

138 3039 159 3063 G)
168 3041 265 3063 ponunt:
279 3037 327 3059 BE.-
340 3038 466 3061 imponant:
482 3036 497 3055 G
575 3035 595 3059 7)
610 3035 766 3059 possederant:
782 3033 815 3053 Bc
889 3032 993 3055 8)1non.:
1007 3031 1076 3052 dcent:

139 3064 200 3086 voda.
210 3063 258 3084 coll.
311 3063 332 3088 9)
341 3063 377 3089 vel
387 3068 461 3087 pensa
477 3061 544 3081 deese.-
558 3061 584 3080 ὦ.
634 3060 666 3084 10)
676 3062 709 3079 et:
723 3058 791 3079 deest:
805 3058 839 3078 Bt]
888 3058 921 3082 11)
931 3058 994 3077 abba
1007 3057 1076 3078 duest:

215 3107 300 3132 Corpus
315 3107 356 3126 iur.
373 3111 422 3126 can.
450 3104 487 3124 Ed.
502 3103 619 3128 Fircdbery.
647 3103 674 3122 Τ.
684 3102 712 3122 11.

503 229 828 257 CLEMENTINARUM
847 228 911 255 Liss.
931 228 965 255 V.
984 229 1053 255 TIT.
1073 228 1119 255 Vl.
1138 229 1195 256 VII.
1215 229 1266 255 DE
1284 228 1498 255 PRIVILEGHS
1518 233 1569 255 etc.
1589 237 1611 255 c.
1633 237 1654 255 1.

1966 227 2032 254 1186

1098 307 1260 340 permittunt
1279 311 1306 332 ct
1324 307 1407 333 tacite
1425 306 1611 339 consentiunt,
1624 306 1699 340 quod
1715 306 1740 331 in
1759 314 1809 332 suo
1823 304 1947 332 dominio
1961 310 2031 331 tem-

1098 341 1185 374 porali
1199 349 1249 374 per
1265 341 1377 373 milites,
1391 341 1510 367 vasallos
1529 345 1556 366 et
1573 341 1698 374 ipsorum
1713 341 1883 374 temporales
1897 339 2031 365 officiales

1097 375 1330 401 monasteriorum
1351 375 1425 401 bona
1446 375 1561 401 mobilia
1580 380 1608 401 et
1630 375 1783 401 immobilia
1804 383 1854 408 per
1870 374 2030 400 violentiam

1098 414 1268 443 occupentur
1286 409 1312 434 in
1329 409 1441 435 casibus
1458 418 1514 435 non
1531 409 1674 443 permissis
1692 418 1709 435 a
1726 409 1793 441 iure,
1807 414 1835 435 et
1852 409 1923 434 aliae
1937 408 2031 433 variae

1098 444 1213 469 iniuriae
1229 444 1357 477 personis
1371 444 1568 470 ecclesiasticis
1581 449 1609 470 et
1625 444 1858 469 monasteriorum
1871 442 2030 468 hominibus

1098 477 1262 511 irrogentur.
1302 478 1450 504 Praeterea
1466 478 1607 504 interdum
1628 478 1728 504 iniuste
1746 478 1864 504 abbates
1871 478 1902 509 ¹¹,
1923 477 2030 511 priores

1097 513 1158 538 ac12
1175 512 1245 538 alios
1262 512 1445 538 beneficiatos
1466 512 1609 538 beneficiis
1623 513 1679 538 suis
1697 513 1814 546 privant,
1832 516 1861 537 ut
1874 512 1914 537 sic
1927 511 2031 536 fructus

1097 546 1297 572 beneficiorum
1308 546 1414 572 illorum
1427 547 1572 580 percipere
1582 547 1692 572 valeant
1703 547 1792 580 primo
1803 554 1875 572 anno
1886 549 2032 580 praetextu

1098 581 1243 614 privilegii,
1262 580 1338 614 quod
1351 585 1482 606 asserunt
1499 589 1530 606 se
1547 581 1660 613 habere,
1679 581 1754 614 quod
1771 589 1859 614 usque
1872 580 1913 611 [ad
1926 584 2033 606 certum

1098 620 1208 649 tempus
1231 614 1336 640 fructus
1357 615 1558 640 beneficiorum
1578 615 1736 640 vacantium
1756 615 1867 648 possint
1884 614 2031 648 percipere

1098 650 1178 683 primi
1197 649 1270 675 anni.
1307 649 1415 682 Quibus
1433 657 1488 674 non
1506 649 1627 674 contenti
1641 657 1739 682 equos,
1756 650 1854 681 boves,
1868 649 2030 674 thesaurum

1098 688 1126 709 et
1143 683 1197 709 alia
1214 684 1288 709 bona
1305 683 1538 709 monasteriorum
1553 688 1581 709 et
1598 683 1798 709 beneficiorum
1810 683 1967 709 vacantium
1980 682 2031 707 illi-

1097 718 1151 744 cite
1164 722 1310 751 occupant,
1324 725 1396 751 quae
1410 721 1504 743 essent
1517 717 1615 742 futuris
1626 718 1836 743 successoribus
1849 715 2029 743 reservanda.

1098 752 1217 785 Quidam
1228 752 1362 777 militibus
1373 756 1401 778 et
1414 752 1474 776 aliis
1490 751 1651 785 potentibus
1662 751 1827 784 dignitatum
1841 760 1953 777 suarum
1963 750 2034 776 redi-

1098 791 1141 812 tus
1152 791 1179 812 et
1193 790 1345 820 proventus
1355 786 1479 812 vendunt
1493 786 1528 810 ad
1541 790 1661 819 tempu5‚
1673 791 1702 810 ut
1715 794 1766 819 per
1779 786 1854 819 ipsos
1865 785 1987 819 exempti
1996 784 2035 809 vi-

1098 821 1151 846 cini
1162 821 1260 846 fortius
1272 820 1473 854 opprimantur.
1492 820 1622 845 Nonnulli
1632 820 1717 845 etiam
1728 820 1851 846 indebite
1863 819 2033 846 monasteria

1098 855 1239 880 dirimunt.
1268 855 1323 880 Alii
1337 854 1436 880 domos
1451 859 1478 879 et
1491 854 1642 887 hospitalia
1655 858 1681 879 et
1695 854 1749 879 alia
1761 854 1837 880 bona
1850 853 2032 880 monasterio-

1098 898 1159 915 rum
1175 889 1289 915 mobilia
1307 893 1335 914 et
1356 888 1510 914 immobilia
1527 887 1689 922 frequenter
1706 894 1843 922 occupant
1861 894 1889 914 et
1907 888 2033 914 detinent

1098 928 1243 957 occupata.
1279 923 1384 948 Pluries
1403 931 1516 956 quoque
1532 922 1593 948 sine
1611 930 1695 948 causa
1716 923 1788 947 iusta
1810 923 1976 956 impediunt,
1997 930 2034 947 ne

1099 958 1220 992 exempti
1230 958 1291 983 loca
1302 965 1352 982 sua
1361 957 1472 982 valeant
1484 965 1624 990 reparare.
1647 956 1767 989 Quidam
1774 957 1797 974 1³
1808 962 1912 982 statuta
1922 956 2035 987 faciunt,

1098 1001 1149 1026 per
1161 1000 1234 1026 quae
1251 992 1402 1025 derogatur
1415 991 1567 1024 privilegiis
1581 995 1784 1024 exemptorum.
1821 992 1856 1016 Et
1868 991 2036 1025 generaliter

1099 1035 1182 1060 quam
1196 1026 1290 1060 plures
1304 1025 1420 1060 praelati
1439 1025 1589 1058 religiosis,
1607 1025 1772 1058 praesertim
1785 1026 1922 1059 exemptis
1936 1030 1964 1051 et
1981 1024 2034 1058 pri-

1101 1060 1249 1094 vilegiatis,
1259 1060 1287 1085 in
1300 1059 1429 1094 personis
1443 1064 1472 1084 et
1484 1059 1568 1085 rebus
1582 1060 1638 1085 suis
1649 1067 1681 1084 ac
1691 1059 1794 1084 iuribus
1806 1060 1994 1093 spiritualibus
2008 1063 2036 1084 et

1098 1095 1300 1129 temporalibus
1313 1101 1412 1127 graves
1427 1093 1548 1118 inferunt
1558 1098 1654 1119 contra
1664 1093 1796 1118 iustitiam
1807 1098 1835 1119 et
1845 1103 1941 1120 eorum
1952 1093 2034 1127 privi-

1097 1130 1172 1163 legia
1184 1129 1296 1154 iniurias
1310 1133 1338 1154 et
1350 1128 1481 1153 iacturas.
1506 1128 1611 1153 Verum
1623 1128 1687 1161 quia
1700 1136 1755 1153 una
1768 1132 1810 1153 est
1823 1128 1992 1161 regularium
2005 1132 2034 1153 et

1099 1163 1282 1190 saecularium
1295 1162 1491 1196 praelatorum,
1502 1167 1529 1187 et
1542 1162 1719 1187 subditorum
1731 1167 1926 1196 exemptorum
1940 1168 1967 1188 et
1979 1170 2036 1187 non

1099 1203 1291 1232 exemptorum
1305 1196 1469 1222 universalis
1482 1196 1610 1228 ecclesia,
1624 1200 1700 1222 extra
1715 1204 1799 1230 quam
1816 1197 1907 1223 nullus
1921 1196 2033 1222 omnino

1100 1232 1230 1264 salvatur,
1249 1239 1368 1265 quorum
1385 1230 1509 1256 omnium
1526 1239 1597 1256 unus
1616 1236 1659 1256 est
1675 1231 1822 1263 Dominus,
1844 1240 1899 1257 una
1916 1231 1985 1257 fides
2008 1234 2036 1256 et

1099 1275 1184 1292 unum
1194 1266 1347 1300 baptisma:
1361 1265 1452 1296 decet,
1463 1269 1493 1290 ut
1507 1273 1614 1297 omnes,
1625 1265 1671 1299 qui
1686 1265 1813 1291 eiusdem
1826 1270 1890 1291 sunt
1903 1266 2037 1299 corporis,

1100 1301 1180 1326 unius
1194 1301 1278 1326 etiam
1292 1300 1347 1325 sint
1359 1299 1519 1329 voluntatis,
1531 1304 1558 1324 et
1569 1300 1639 1324 sicut
1650 1299 1748 1325 fratres
1759 1299 1916 1326 adinvicem
1926 1300 2035 1325 vinculo

1101 1335 1223 1361 caritatis
1247 1335 1302 1360 sint
1328 1333 1461 1359 adstricti.
1497 1334 1588 1359 Decet
1606 1334 1698 1367 igitur,
1711 1338 1741 1358 ut
1758 1338 1786 1359 et
1803 1334 1930 1368 praelati,
1947 1338 1975 1360 et
1992 1334 2037 1359 alii

1100 1374 1158 1395 tam
1171 1369 1292 1402 exempti
1307 1376 1391 1402 quam
1404 1375 1460 1393 non
1471 1368 1591 1402 exempti
1605 1369 1661 1393 suis
1675 1368 1780 1393 iuribus
1795 1369 1850 1394 sint
1863 1368 1996 1400 contenti,
2006 1373 2034 1394 et

1099 1404 1170 1430 alter
1191 1404 1218 1429 in
1231 1403 1346 1429 alterius
1363 1402 1490 1427 iniuriam
1508 1411 1563 1427 non
1577 1402 1703 1436 prosiliat
1721 1410 1771 1428 seu
1789 1402 1932 1429 iacturam.
1968 1402 2036 1428 Uni-

1099 1438 1188 1464 versis
1214 1438 1309 1471 itaque
1339 1436 1471 1471 praelatis
1496 1437 1677 1462 ecclesiarum
1702 1437 1859 1470 praesentis
1884 1437 2035 1463 sanctionis

1100 1472 1193 1498 edicto
1212 1472 1338 1497 districte
1359 1470 1559 1505 praecipiendo
1581 1471 1756 1503 mandamus,
1779 1476 1917 1505 quatenus
1939 1471 2002 1506 ipsi,
2019 1479 2037 1496 a

1101 1507 1252 1541 praedictis
1270 1505 1477 1540 gravaminibus
1495 1505 1608 1530 omnino
1631 1510 1775 1531 cessantes
1794 1510 1823 1531 et
1841 1514 1952 1532 cessare
1970 1513 2036 1531 suos

1101 1541 1230 1567 subditos
1246 1540 1391 1572 facientes,
1408 1539 1483 1565 viros
1505 1540 1652 1573 religiosos
1675 1543 1828 1573 exemptos,
1846 1540 2036 1574 privilegiatos

1101 1580 1130 1602 et
1139 1584 1195 1601 non
1205 1579 1361 1608 exemptos,
1370 1574 1564 1599 mendicantes
1575 1578 1604 1600 et
1612 1582 1669 1599 non
1681 1574 1882 1607 mendicantes,
1893 1574 2036 1600 caritative

1101 1614 1221 1636 tractent
1235 1614 1263 1635 et
1275 1609 1397 1640 foveant,
1411 1613 1439 1634 et
1452 1617 1502 1634 sua
1515 1608 1574 1634 iura
1587 1614 1615 1634 et
1630 1608 1776 1642 privilegia
1789 1609 1983 1635 inviolabiliter
1996 1609 2036 1634 eis

1102 1649 1223 1670 servent.
1248 1644 1283 1669 Et
1294 1643 1426 1676 quoniam
1436 1643 1498 1675 plus
1508 1643 1580 1668 solet
1590 1643 1680 1668 timeri
1692 1643 1768 1676 quod
1779 1643 1945 1676 specialiter,
1952 1651 2037 1677 quam

1102 1679 1178 1712 quod
1196 1678 1365 1712 generaliter
1381 1677 1532 1702 inhibetur:
1556 1677 1663 1703 eisdem
1681 1677 1813 1711 praelatis
1832 1677 2037 1703 districtissime

1101 1713 1269 1745 inhibemus,
1282 1716 1312 1737 ut
1326 1711 1453 1743 abbateS,
1466 1711 1574 1745 priores
1593 1716 1621 1737 et
1638 1711 1706 1737 alios
1721 1711 1878 1744 religiosos,
1891 1720 1926 1738 ne
1938 1712 1974 1738 ad
1988 1720 2038 1737 sua

1101 1747 1244 1781 generalia
1255 1747 1300 1772 vel
1308 1747 1346 1764 Μ’
1363 1745 1543 1779 provincialia
1560 1746 1663 1772 vadant
1676 1746 1805 1780 capitula,
1818 1746 1954 1780 impedire
1968 1754 2036 1780 quo-

1100 1781 1256 1808 modolibet
1268 1789 1325 1806 non
1337 1784 1526 1814 praesumant.

1411 1869 1635 1898 TITULUS
1661 1868 1725 1897 VH.

1209 1927 1264 1953 DE
1294 1927 1554 1953 PRIVILEGIIS
1584 1927 1637 1952 ET
1667 1926 1932 1953 EXCESSIBUS

1364 1969 1780 1995 PRIVILEGIATORUM.

1519 2047 1591 2066 CAP.
1606 2047 1624 2065 Ι.

1101 2081 1169 2100 Ponit
1179 2087 1218 2100 sex
1229 2086 1299 2104 casus.
1311 2081 1334 2099 in
1344 2081 1424 2104 quibus
1435 2081 1551 2105 religiosos
1561 2080 1748 2102 excommunicat.
1759 2082 1781 2099 et
1790 2080 1954 2100 absolutionem
1964 2081 2038 2105 Papae

1103 2109 1208 2129 reservat.
1217 2107 1375 2130 et,privilegiis
1385 2109 1406 2125 et
1417 2107 1597 2131 exemptionibus
1607 2112 1652 2125 non
1663 2107 1809 2130 obstantibus,
1817 2112 1854 2125 eos
1864 2112 1903 2130 per
1913 2107 2039 2126 ordinarios

1102 2133 1202 2151 locorum
1217 2133 1349 2151 denunciari
1363 2133 1479 2156 praecipit.
1511 2133 1589 2151 Ioann.
1604 2132 1674 2151 Andr.
1689 2143 1712 2146 —
1727 2134 1745 2154 ξ.
1755 2133 1774 2151 3.
1788 2132 1855 2151 Ponit
1869 2135 1952 2155 septem
1963 2133 2039 2156 culpas

1104 2159 1266 2182 religiosorum,
1281 2163 1294 2176 a
1307 2158 1388 2181 quibus
1402 2164 1440 2177 eos
1454 2159 1562 2182 praecipit
1577 2159 1689 2176 abstinere
1703 2159 1744 2176 sub
1759 2158 1825 2177 certis
1839 2158 1924 2181 poeuis,
1939 2163 1992 2182 quas
2007 2159 2040 2177 eis

1103 2184 1188 2208 imponi
1206 2184 1278 2206 iubet.
1302 2186 1325 2202 et
1342 2189 1396 2207 quas
1414 2185 1519 2207 praelatis
1537 2185 1636 2207 ipsorum
1655 2184 1761 2208 imponit,
1783 2184 1801 2202 si
1819 2189 1864 2202 non
1883 2184 2038 2203 satisfecerint.

1103 2210 1181 2229 Ioann.
1192 2209 1262 2228 Andr.
1279 2220 1299 2222 —-
1315 2211 1333 2231 ξ.
1345 2210 1363 2228 2.
1378 2209 1446 2228 Ponit
1456 2210 1632 2229 moderationem
1644 2210 1703 2229 cirea
1713 2210 1768 2228 duos
1779 2210 1862 2233 primos
1872 2215 1942 2229 casus.
1978 2210 2005 2228 Η.
2017 2209 2038 2228 d.

1494 2236 1573 2254 Ioann.
1584 2235 1654 2254 Andr.

1254 2285 1409 2311 Clemens
1429 2286 1462 2311 V.
1482 2286 1513 2311 in
1532 2286 1680 2311 concilio
1700 2286 1894 2312 Viennensi.

1173 2328 1317 2361 Religiosi,
1330 2328 1377 2362 qui
1395 2328 1502 2354 clericis
1521 2333 1568 2354 aut
1586 2328 1663 2354 laicis
1681 2333 1885 2354 sacramentum
1903 2328 2038 2354 unctionis

1107 2367 1248 2389 extremae
1261 2363 1305 2388 vel
1318 2363 1503 2389 eucharistiae
1516 2363 1682 2395 ministrare,
1695 2362 1906 2388 matrimoniave
1919 2363 2038 2388 solenni-

1106 2405 1176 2429 zare,
1198 2405 1253 2422 non
1274 2397 1370 2422 habita
1391 2405 1475 2431 super
1496 2397 1539 2423 his
1561 2397 1728 2431 parochialis
1751 2397 1905 2431 presbyteri
1930 2397 2040 2422 licentia

1106 2431 1230 2465 speciali,
1243 2435 1291 2456 aut
1310 2431 1355 2465 qui
1375 2432 1627 2457 excommunicatos
1645 2440 1662 2457 a
1675 2439 1791 2464 canone,
1804 2436 1999 2465 praeterquam
2012 2431 2040 2456 in

1106 2466 1216 2491 casibus
1229 2474 1246 2490 a
1258 2465 1316 2491 iure
1335 2466 1474 2499 expressis
1491 2466 1536 2492 vel
1553 2474 1603 2500 per
1620 2465 1766 2499 privilegia
1778 2465 1853 2491 sedis
1865 2465 2038 2499 apostolicae

1106 2499 1248 2526 concessis
1270 2499 1386 2532 eisdem,
1404 2500 1449 2526 vel
1466 2509 1483 2525 a
1500 2500 1645 2526 sententiis
1667 2508 1717 2533 per
1736 2504 1839 2525 statuta
1860 2499 2039 2533 provincialia

1106 2539 1153 2560 aut
1167 2533 1314 2567 synodalia
1330 2534 1524 2568 promulgatis,
1537 2543 1596 2566 seu,
1610 2535 1650 2567 (ut
1666 2534 1759 2559 verbis
1772 2542 1867 2560 eorum
1881 2534 2009 2566 utamur,)
2022 2541 2039 2558 a

1107 2577 1199 2603 poena
1211 2573 1239 2594 et
1256 2568 1372 2602 culpal‘
1385 2569 1533 2594 absolvere
1551 2576 1720 2602 quemquam
1734 2567 1979 2601 praesumpserint,
1993 2575 2038 2593 ex-

1107 2602 1363 2628 communicationis
1376 2602 1516 2628 incurrant
1529 2602 1695 2628 sententiam
1708 2602 1770 2636 ipso
1783 2601 1866 2633 sacto,
1877 2610 1927 2635 per
1939 2601 2037 2627 sedem

1106 2637 1290 2671 apostolicam
1303 2636 1435 2663 duntaxat
1448 2637 1622 2668 absolvendi,
1636 2644 1706 2670 quos
1724 2636 1808 2662 etiam
1821 2636 1944 2661 locorum
1965 2635 2038 2661 ordi-

1106 2671 1184 2704 narii,
1211 2671 1373 2705 (postquam
1394 2671 1430 2697 de
1452 2672 1505 2697 hoc
1527 2671 1566 2697 eis
1589 2670 1762 2703 constiterit‚)
1785 2669 2037 2696 excommunicatos

1106 2705 1209 2731 faciant
1226 2705 1338 2740 publice
1354 2705 1487 2738 nunciari,
1505 2705 1595 2730 donec
1608 2705 1644 2730 de
1657 2704 1832 2730 absolutione
1844 2704 1984 2738 ipsorum2
1997 2704 2036 2730 eis

1106 2739 1190 2766 fuer-it
1208 2739 1282 2766 sacta
1299 2739 1380 2772 fides,
1397 2740 1473 2765 nullo
1490 2739 1630 2771 religiosis
1648 2738 1755 2764 eisdem
1772 2746 1857 2772 super
1873 2738 1927 2764 hoc
1945 2746 2038 2764 exem-

1107 2774 1210 2808 ptionis
1223 2774 1268 2800 vel
1281 2774 1334 2800 alio
1348 2774 1494 2808 privilegio
1508 2772 1688 2806 suffragante.
1723 2771 1744 2806 ξ.
1762 2780 1782 2798 i.
1796 2772 1903 2805 Quibus
1914 2772 1999 2799 etiarn
2010 2772 2040 2798 in

1107 2809 1208 2834 virtute
1233 2812 1347 2834 sanctae
1371 2808 1558 2840 obedientiae,
1580 2812 1608 2833 et
1633 2807 1684 2833 sub
1709 2807 1932 2833 interminatione
1955 2806 2040 2833 male-

1108 2842 1237 2869 dictionis
1253 2847 1386 2869 aeternae
1407 2842 1558 2868 districtius
1577 2841 1743 2873 inhibemus,
1760 2849 1795 2867 ne
1816 2841 1844 2866 in
1866 2841 2040 2867 sermonibus

1109 2877 1165 2903 suis
1187 2877 1369 2904 ecclesiarum
1390 2876 1521 2910 praelatis
1544 2875 1700 2908 detrahant,
1722 2879 1770 2901 aut
1791 2875 1875 2901 etiam
1899 2875 2041 2902 retrahant

1110 2979 1270 3027 fflEIH:1rl¹‹1d.:
1285 2982 1317 3000 ot:
1333 2978 1380 2998 1106
1441 2979 1473 3003 12)
1483 2980 1515 2998 et:
1530 2977 1580 2998 AFG
1638 2977 1744 3003 13)a‹1d.:
1756 2978 1836 2998 etiam:
1850 2977 1915 2998 ΑΒΜ

1150 3014 1157 3025 ι
1167 3021 1171 3025 .
1181 3012 1203 3026 co
1223 3020 1228 3026 .

1162 3033 1216 3052 Tit.
1231 3032 1278 3052 vu.
1307 3031 1368 3055 Cap.
1382 3031 1400 3049 1.
1428 3030 1448 3054 1)
1458 3030 1557 3054 aculpa:
1572 3028 1677 3050 fflcmu
1726 3029 1746 3055 Β)
1757 3035 1845 3050 eorum:
1859 3028 1950 3050 ABDBF

1731 3088 1764 3115 75

1966 2978 2000 3004 14)
2009 2980 2043 2998 ot:
