2243 3288
127 220 178 256 (305

130 314 192 333 mus
202 306 372 339 absolutum,
384 310 552 341 perpetuum
559 306 582 325 3⁶
593 306 630 332 illi
642 306 782 333 silentium
792 306 978 340 imponentes.
998 306 1069 332 Licet

130 346 213 367 autem
226 341 251 367 in
264 341 430 367 instrumento
444 342 614 367 concessionis
627 342 756 375 praedicti
766 341 879 375 episcopi
890 341 1017 366 Laoicani
1027 350 1068 366 ess-

126 384 218 409 pressa
235 374 314 408 faerit
332 380 402 401 certa
418 384 502 409 poena
519 384 595 409 quam
611 376 706 409 pat-837
724 380 883 401 contractum
900 384 951 400 non
964 384 1070 400 servans

127 411 234 435 solveret
255 410 411 441 observanti,
439 419 515 444 quum
543 415 627 435 tamen
651 415 757 444 utraque
774 418 840 444 pars
862 410 957 434 venisse
978 414 1069 434 contra

128 445 200 470 illum
212 444 272 470 ez33
289 444 448 476 confessione
464 445 573 478 propria
591 445 766 476 convincatur,
781 453 857 478 quum
871 449 893 469 et
906 452 972 477 pars
985 448 1069 469 vestra

129 479 246 512 episcopo
270 479 426 504 subtraxerit
448 479 596 512 pensionem
621 484 643 504 et
671 480 804 512 episcopus
830 479 1039 512 procurationem
1046 478 1070 496 39

127 513 236 547 exeyerit
249 513 281 539 ab
293 514 379 539 eadem
393 514 500 539 ecclesia
516 513 580 538 sicut
598 522 750 539 oeconomus
765 513 898 547 proposuit
916 517 1070 538 memoratus

127 552 262 581 utramque
273 552 371 581 partem
385 548 417 573 ab
431 556 461 573 ea
474 548 601 573 reddimus
615 548 766 574 absolutam.

521 617 594 637 CAP.
609 617 672 637 vn.1

127 650 258 675 Episcopus.
276 653 355 676 petens
370 651 489 671 ecclesiam
504 651 577 676 quoad
597 651 730 676 temporalia
748 653 771 671 et
788 650 920 675 spiritualia.
941 650 1027 670 obtinet
1046 650 1069 669 in

126 678 280 701 spiritualibus
294 683 321 697 eo
335 677 390 701 ipso,
410 678 469 701 quod
488 678 567 701 probat
585 683 633 696 esse
652 678 676 696 in
691 683 731 696 sus
745 677 851 700 dioecesi,
871 677 889 696 si
903 682 950 695 non
964 678 1070 700 appareat

126 706 241 728 exempta;
256 703 296 723 sed
310 703 335 722 in
349 704 511 727 temporalibus
525 704 657 727 succumbit,
677 704 721 722 nisi
736 703 803 722 aliter
817 703 897 722 doceat
911 703 938 722 de
959 702 1008 721 iure
1022 708 1069 721 suo.

374 729 404 748 Et
413 730 437 748 in
448 729 490 748 hoc
501 729 580 748 ultimo
591 731 624 748 est
634 734 698 748 casus
707 729 821 748 notabilis

190 779 281 806 Idem
302 779 428 805 Abbati
452 784 485 806 et
509 780 698 806 Conventui
717 779 991 806 Farbensibus2·.

196 822 289 856 Quum
300 823 469 849 venerabilis
483 822 568 848 frater
580 827 677 848 noster
689 822 727 848 I.3
745 822 906 848 Sabinensis
920 822 1069 856 episcopus

127 865 215 882 coram
228 857 324 882 dilectis
335 858 397 891 filiis
411 857 506 882 nostris
518 857 649 889 Royerio4
661 858 696 882 tit.
711 861 816 882 sanctae
829 857 987 882 Anastasiae
997 865 1069 889 pres-

127 891 212 925 bytero
234 896 257 916 et
274 891 400 925 Pelaqio5
419 895 526 917 sanctae
544 892 641 917 Luciae
662 892 697 916 ad
716 896 789 924 septa
806 892 868 916 solis
885 891 993 916 diacono
1011 900 1069 915 car-

125 926 261 957 dinalibus,
280 934 343 959 quos
359 926 408 951 sibi
423 931 445 951 et
463 926 595 951 Ricardoss
612 926 782 959 procuratori
796 930 877 950 vestro
900 926 1070 950 concessimus

125 961 263 991 auditores,
287 960 436 986 ecclesiam
457 960 545 986 sancti
567 960 669 993 Angeli
693 960 729 986 de
749 960 904 986 Cauceia⁷⁸
926 968 989 985 cum
1011 959 1069 984 suis

125 994 302 1029 pertinentiis
316 999 344 1020 et
357 995 585 1027 possessionibus
604 995 742 1028 petiisset,
760 1002 900 1026 asserens,
914 1002 975 1020 earn
990 994 1024 1019 ad
1038 1002 1069 1019 se

128 1033 185 1055 tam
198 1029 226 1055 in
239 1028 428 1063 spiritualibus
443 1037 526 1063 quam
539 1029 567 1054 in
585 1029 784 1063 temporalibus
803 1029 953 1062 pertinere,
971 1028 1069 1063 [prium

121 1063 311 1097 possessorium
332 1068 355 1089 et
373 1068 463 1097 postea
481 1064 627 1097 petitorium
653 1063 823 1098 intentundo,]
848 1063 979 1096 allegavit
1004 1067 1068 1088 ante

127 1098 220 1124 omnia
238 1098 280 1123 ius
298 1106 459 1124 commune:
482 1098 556 1131 quia,
570 1106 656 1131 quum
669 1098 837 1124 constitutaS
850 1098 885 1123 sit
904 1098 931 1123 in
945 1097 1068 1122 dioecesi

126 1132 284 1164 Sabinensi,
297 1136 323 1157 ut
336 1133 441 1163 dicebat,
455 1133 507 1158 sub
521 1132 608 1166 ipsius
623 1132 746 1158 debebat
759 1132 913 1158 consistere
926 1136 1068 1166 potestate

125 1166 209 1202 [iuxta
231 1167 372 1192 canonicas
389 1167 542 1192 sanctiones.
586 1167 687 1199 Verum,
714 1176 790 1200 quam
817 1175 847 1192 ex
875 1171 957 1191 restra
978 1166 1068 1197 sitisset

120 1206 199 1235 parte
215 1206 342 1234 negatum,
356 1202 461 1227 eandem
479 1201 612 1226 ecclesiam
630 1201 656 1226 in
671 1202 805 1234 praedicta
822 1202 930 1225 dioecesi
947 1201 1066 1225 eonstitu-

125 1239 186 1267 tam,
210 1236 274 1261 idem
305 1236 439 1269 episcopus
469 1236 504 1261 ad
533 1236 578 1261 boc
608 1236 770 1269 probandum
793 1236 955 1268 privilegium
988 1235 1068 1260 bonae

124 1270 262 1295 memoriae
272 1271 408 1295 Anastasii
419 1271 509 1303 Papae
524 1271 730 1303 praedecessoris
748 1271 830 1295 nostri
845 1278 932 1295 coram
950 1270 1012 1302 ipsis
1024 1277 1066 1294 et-

123 1305 207 1336 hibuit,
225 1305 251 1330 z'n
268 1314 318 1338 quo
335 1313 408 1329 mons
423 1305 522 1330 Tancia
540 1313 590 1338 pro
610 1305 760 1330 ¹S'abinensis
776 1305 939 1338 episcopatus
961 1304 1066 1328 termino

122 1339 234 1371 ponitur,
246 1343 268 1364 et
279 1339 344 1364 inter
357 1340 424 1364 alias
434 1339 555 1364 ecclesias
565 1339 715 1364 Sabinensis
728 1340 847 1364 dioecesis
860 1339 946 1364 eadem
960 1338 1066 1363 ecclesia

123 1374 150 1399 S.
170 1373 264 1407 Anqeli
283 1378 441 1405 numeratur,
460 1383 492 1399 ac
512 1375 538 1398 in
558 1374 690 1407 praedicto
712 1378 795 1399 nmnte
817 1374 909 1398 dicitur
931 1381 984 1398 esse
1006 1381 1065 1397 con-

122 1412 229 1439 structa,
251 1408 297 1433 hoc
319 1408 384 1433 idem
402 1417 450 1441 per
469 1408 599 1441 publicum
620 1409 824 1439 instrumentum,
843 1417 891 1442 quo
909 1411 1066 1440 procurator

125 1447 204 1468 vester
217 1442 343 1474 utebatur,
357 1443 500 1475 ostendens,
514 1443 538 1467 in
553 1452 602 1476 quo
615 1443 716 1473 (licitur,
730 1443 799 1476 qaod
811 1443 878 1467 dicta
895 1443 1002 1467 ecclesia
1015 1442 1065 1466 sita

123 1482 160 1502 est
187 1478 213 1502 in
240 1477 368 1502 territorio
391 1477 535 1509 Sabinenst',
564 1486 640 1510 quum
667 1477 818 1503 Sabinensis
847 1477 968 1502 dioecesis
992 1477 1066 1508 lonye

124 1512 235 1545 amplius
249 1520 324 1544 quam
338 1511 480 1536 ,sabinense
498 1511 654 1537 territorium
667 1510 839 1545 extendatur]
878 1511 907 1536 In
924 1514 1064 1544 tempora-

124 1546 197 1572 libus
210 1554 323 1580 quoque
334 1545 370 1571 ad
382 1554 412 1571 se
423 1545 527 1571 dictam
538 1546 685 1572 ecclesiam
696 1546 846 1580 pertinere,
857 1546 921 1570 idem
932 1545 1065 1578 episcopus

123 1580 282 1607 nitebatur⁹
304 1580 454 1606 ostendere
475 1589 526 1614 per
548 1580 691 1614 publicum
711 1581 935 1612 instrumentum,
955 1579 982 1605 in
1008 1587 1063 1613 quo

124 1615 367 1641 continebaturffl·
391 1623 534 1648 expresse,
559 1615 607 1640 Ι.11
629 1615 815 1641 Sabinensem
839 1615 1004 1648 episcopum
1029 1614 1064 1639 H.

122 1649 287 1675 Farbensi12
299 1649 394 1675 abbati
408 1654 437 1675 et
455 1649 563 1675 duabus
583 1650 711 1683 personis
733 1654 799 1683 post
820 1649 942 1683 ipsumlss
960 1648 1064 1674 dictam

123 1683 273 1710 ecclesiam
283 1691 346 1709 cum
357 1683 414 1709 suis
425 1683 599 1718 pertinentiis
609 1684 747 1710 locavisse
757 1692 808 1718 pro
819 1692 910 1709 annua
916 1683 938 1701 14
945 1687 1064 1716 quatuor

123 1719 277 1744 solidorum
286 1718 466 1752 Papiensium
476 1718 621 1752 pensione,
632 1719 658 1743 in
668 1719 841 1752 assumptione
854 1718 942 1743 beatae
956 1717 1064 1750 I'iryinis

120 1753 302 1787 persolvenda.
339 1752 396 1779 Sed
413 1761 478 1786 pars
496 1758 590 1778 vestra
607 1753 763 1787 proposuit,
781 1753 965 1778 instrumento
984 1760 1062 1785 prae-

123 1787 198 1813 dicto
224 1787 330 1813 nullam
360 1787 446 1813 fidem
475 1787 587 1821 penitus
613 1787 803 1813 adhibendam
828 1791 944 1821 propter
968 1794 1062 1820 super-

122 1822 256 1848 linearem
274 1821 439 1855 scripturam
457 1827 485 1847 et
502 1830 628 1847 rasuram
647 1821 697 1856 [in]
715 1822 777 1848 loco
795 1825 927 1855 suspecto
948 1820 1060 1852 factam,

123 1856 170 1882 ubi
187 1856 318 1882 videlicet
335 1856 479 1881 annotatio
499 1857 633 1890 temporis
651 1860 823 1882 recensetur.
859 1856 940 1887 †Fuit
959 1856 1064 1888 insuper

122 1900 154 1916 ex
170 1891 283 1924 episcopi
295 1895 372 1924 parte
385 1891 555 1924 propositum,
573 1891 648 1925 quod,
662 1900 739 1924 quum
756 1891 789 1916 ab
806 1890 913 1916 ecclesia
930 1892 958 1915 S.
973 1890 1066 1923 Anyeli

123 1926 224 1951 nomine
245 1926 396 1950 monasterii
416 1926 493 1950 vestri
512 1926 590 1950 multo
609 1930 720 1959 tempore
737 1925 814 1957 fuerit
832 1929 902 1950 certa
917 1925 1006 1958 pensio
1024 1933 1062 1949 ec-

122 1961 215 1985 clesiae
226 1959 364 1985 Sabinensi
372 1960 466 1991 soluta,
476 1959 610 1991 nutnis'este
622 1961 740 1994 liquebat,
755 1961 789 1985 ad
802 1960 907 1985 ecnulem
920 1959 1064 1991 ecclesiam,

122 2004 138 2020 a
160 2003 211 2029 qua
232 1994 325 2019 locatio
347 1993 419 2026 facta
440 1994 534 2025 suerat,
553 1993 740 2029 [supradictam
758 1993 904 2028 ecclesiam]
928 1994 982 2018 iure
1002 2002 1063 2026 pro-

118 2028 244 2063 prietario
264 2028 400 2062 pertinere.
438 2027 590 2063 [Praeterea
613 2037 689 2062 quum
712 2029 793 2054 bonae
810 2028 946 2054 memoriae
967 2028 1064 2053 Lucius

121 2064 199 2097 Papa
216 2063 402 2097 praedeeessor
424 2067 510 2088 noster
534 2063 672 2088 iniunxerit
697 2063 889 2091 Sabinensibus,
915 2066 941 2087 ut
966 2063 1000 2087 ad
1024 2071 1062 2087 re-

122 2098 310 2132 cuperationem
325 2097 445 2126 Tanciae,
460 2106 536 2130 quam
549 2106 576 2122 eo
591 2102 702 2131 tempore
720 2097 848 2128 tenebatis,
863 2097 1027 2128 intenderent,
1042 2101 1063 2122 et

118 2141 168 2166 per
190 2133 288 2158 eosdem
311 2133 388 2157 Petro
411 2132 441 2156 de
463 2133 546 2163 Bono,
570 2136 629 2156 tunc
650 2132 800 2157 ›S'abinensis
821 2132 982 2164 episcopatus
1001 2139 1062 2164 pro-

122 2167 246 2197 curatori,
260 2171 313 2191 tam
327 2166 426 2191 Tanciu
444 2174 519 2200 quam
538 2167 644 2191 ecclesia
657 2168 685 2192 S.
700 2166 794 2199 Anqeli
808 2165 886 2198 fuerit
904 2166 1027 2197 restituta,
1041 2170 1063 2190 et

122 2210 165 2226 vos
177 2202 282 2227 eandem
295 2201 428 2226 ecclesiam
442 2205 535 2234 postea
548 2201 670 2225 duzeritis
683 2201 870 2233 occupandam,
884 2200 993 2225 eiusdem
1008 2204 1063 2225 erat

121 2237 240 2270 episcopo
259 2235 380 2261 restitutio
397 2235 527 2267 fitcienda,
545 2235 609 2260 sicut
627 2235 690 2260 idem
708 2236 840 2268 episcopus
863 2243 893 2260 ea
911 2235 997 2259 onmia
1016 2242 1064 2267 per

121 2271 223 2296 idoneos
236 2275 308 2295 testes
321 2270 452 2295 asserebat
465 2278 517 2295 esse
528 2268 660 2304 probata]
690 2270 732 2295 Act
743 2269 804 2294 haec
814 2273 897 2294 autem
905 2273 1064 2302 procurator

122 2305 291 2339 respondebat
310 2304 465 2337 praedictus,
484 2304 558 2337 quod,
577 2304 624 2328 etsi
643 2304 747 2337 quidam
769 2307 842 2328 testes
862 2312 889 2328 se
911 2303 1000 2327 vidisse
1022 2303 1062 2327 de—

118 2344 228 2374 ponant,
242 2339 375 2364 ecclesiam
394 2340 421 2364 S.
436 2338 531 2371 xlnqeli
544 2338 690 2371 pensionem
706 2339 722 2363 l
729 2338 753 2362 Γ.
767 2338 907 2362 solidorum
926 2337 1065 2362 Sabinensi

121 2375 239 2408 episcopo
262 2373 425 2407 persolvisse,
448 2373 545 2397 nullum
574 2376 658 2397 tamen
680 2381 710 2397 ex
734 2372 780 2396 lzoc
802 2372 959 2396 monasterio
981 2376 1062 2396 vestro

118 2413 221 2443 poterat
240 2407 428 2441 praeimlz'cium
448 2407 577 2440 {fenerat-i,
595 2416 672 2439 quum
690 2415 739 2431 non
758 2410 894 2439 appareat,
914 2406 1062 2439 pensionem

121 2444 204 2476 ipsam
221 2451 252 2467 ex
271 2446 347 2476 parte
368 2442 518 2467 maemasterii
537 2440 616 2473 fuisse
633 2442 751 2471 solutam,
770 2445 792 2465 et
809 2449 964 2474 quamquam
987 2441 1060 2465 etiam

121 2481 194 2503 testes
204 2481 331 2507 asserant,
341 2485 367 2501 se
378 2477 467 2501 vidisse
477 2476 603 2500 multoties
611 2480 791 2509 praetacatam
800 2475 947 2508 pensionem
959 2475 1062 2505 exsolvi,

122 2520 174 2537 non
191 2517 275 2537 tamen
293 2511 433 2536 ostenditur
451 2515 521 2535 tanto
539 2515 651 2543 tempore
666 2510 800 2543 praestita,
819 2510 887 2542 quod
903 2509 1011 2542 usque¹s¹
1029 2510 1063 2534 ad

117 2547 348 2580 praescr-zptionem
366 2546 503 2578 leyitimam
517 2545 678 2578 porriyatur.
716 2544 787 2574 Item,
804 2545 868 2568 sicut
887 2544 922 2568 ad
944 2543 982 2568 rei
999 2551 1061 2576 pro-

117 2581 253 2615 prietatem
267 2580 360 2606 locatio
373 2579 446 2612 facta
464 2588 515 2604 non
532 2578 630 2613 sufficit,
645 2579 679 2603 ita
697 2587 743 2603 nec
759 2579 859 2609 solutio,
874 2586 920 2602 nec
935 2578 1062 2611 perceptio

118 2616 257 2649 pensionis.
295 2614 378 2649 [Licet
395 2615 471 2639 etiam
484 2614 549 2638 idem
565 2613 658 2638 Lucius
673 2613 858 2645 praedecessor
871 2616 957 2637 noster
969 2620 1061 2645 supra-

121 2650 243 2684 scriptum
263 2650 411 2674 mandatum
426 2648 611 2673 Salonem-ibus
628 2647 724 2672 dederit
741 2647 934 2678 circunwentus,
948 2647 1061 2678 credens,

118 2689 198 2718 prout
207 2685 232 2710 ei
238 2688 383 2717 suyyestum
393 2683 488 2715 suerat,
499 2683 534 2707 ad
543 2682 710 2708 Sabinensem
720 2681 893 2714 episcopatum
901 2681 1061 2714 praedictum

172 2813 225 2833 Tit.
239 2812 340 2833 XXXVI.
377 2813 438 2837 Cap.
458 2812 495 2833 VI.
549 2812 581 2835 30)
592 2814 613 2831 et
627 2813 724 2836 pometa
738 2810 762 2830 Cb
829 2811 862 2835 ³7>
876 2816 937 2835 pars:
952 2809 1020 2830 dccst:
1036 2809 1064 2830 Ta

121 2839 154 2864 38)
170 2841 193 2859 et
207 2845 246 2859 ex:
260 2839 296 2860 ab:
312 2840 391 2859 etiam:
409 2839 436 2858 Ta
489 2838 522 2861 39)
533 2844 573 2862 per
583 2843 682 2862 procum:
697 2837 742 2856 Cae.

175 2865 236 2889 Cap.
251 2865 300 2885 VII.
324 2865 343 2885 1)
354 2864 483 2884 Restitulmn
495 2869 518 2883 ea:
528 2864 576 2887 ltro.
588 2863 635 2883 Bal.
646 2863 694 2886 xn,
707 2864 750 2885 93.;
762 2862 948 2887 t'omp.tv.c.1.h.
961 2862 976 2880 Ι.
987 2862 1063 2886 (8,13.)

121 2890 142 2911 2)
160 2891 297 2911 Fax-tenum:
316 2890 396 2915 1³11th
414 2889 476 2913 Rem-
495 2890 637 2909 Can-saneim:
657 2889 679 2909 1.-
698 2889 801 2907 Fan-sana
825 2887 880 2908 one:
905 2889 1000 2907 Facem:
1020 2887 1064 2912 By:

124 2916 184 2936 Idem
195 2916 337 2941 simpliciter:
352 2916 396 2937 Db:
406 2927 431 2929 —
441 2915 536 2935 Pottluast
546 2921 579 2934 no.
591 2916 648 2934 3792.
706 2914 727 2935 3)
738 2915 844 2933 Ioannes:
859 2913 907 2937 ch.
960 2914 981 2937 4)
993 2914 1031 2932 R.:
1045 2913 1064 2932 D

122 2941 190 2965 5)1’.:
205 2941 223 2961 1)
263 2943 284 2965 8)
295 2943 333 2961 R..·
348 2941 367 2961 D
411 2942 431 2965 7)
443 2942 534 2961 Cautia:
549 2940 620 2960 Hm).-
633 2941 727 2960 Guntia:
742 2938 770 2961 F.-
784 2939 882 2959 Cuncta:
897 2940 924 2960 G:
939 2938 1027 2958 Ctmnn:
1042 2939 1064 2961 1.-

123 2967 217 2987 Cnucia:
231 2967 262 2989 N.-
277 2968 374 2987 Tancia:
389 2967 437 2992 ch.
478 2968 498 2991 8)
510 2969 650 2986 constructa:
666 2965 728 2990 Rem:
742 2966 820 2984 eudem
831 2965 927 2984 ecclesia
937 2967 1065 2984 consti-ueta

122 2992 264 3016 (coustitutm
280 2993 331 3017 oto:
346 2993 403 3013 Dubc
455 2994 476 3016 9)
486 2993 616 3012 videbatur:
632 2991 662 3010 Bb
711 2992 743 3014 10)
754 2992 893 3010 continetur:
909 2989 1064 3015 FGHIKDacyh

122 3017 172 3043 Περ.
211 3019 244 3044 11)
254 3020 361 3039 Ioannem
372 3019 424 3039 Sab.
435 3024 470 3043 ep.
481 3019 582 3043 Ilugoui:
599 3017 616 3037 1)
627 3017 674 3042 13¹9·
720 3017 752 3040 12)
763 3017 877 3036 Par-renai:
892 3015 992 3035 Futlvoh
1003 3015 1065 3039 qu..-

121 3044 236 3064 Farlensl:
259 3045 288 3066 G:
309 3045 427 3065 Paviensi:
450 3045 480 3066 K:
502 3046 595 3064 Parem:
618 3043 657 3064 Lb:
680 3044 785 3063 Forsan:
809 3041 875 3066 Hacy:
899 3042 1000 3061 Falsum:
1023 3041 1066 3066 Dbs

122 3070 155 3095 13)
169 3070 241 3096 ipsum
251 3071 353 3091 Govatdo
368 3070 491 3090 Panavello
501 3070 615 3096 (Gonaldo
630 3069 761 3089 Pauatullo:
776 3067 822 3092 Da;
837 3068 940 3089 Gonatdo
951 3067 1064 3090 Pnualdoe

359 227 569 256 DECRETAL.
589 229 752 256 GREGOR.
771 223 818 256 I'X.
837 227 902 254 LIB.
922 227 965 254 111.
985 227 1055 254 TIT.
1074 227 1202 254 XXXVI.
1222 227 1273 254 DE
1292 227 1494 256 RELIGIOSIS
1513 228 1605 255 DOM.
1624 232 1678 254 etc.
1698 235 1722 254 c.
1742 236 1765 262 7.
1787 228 1812 254 8.

1993 224 2043 253 506

1105 306 1187 331 locum
1201 311 1223 332 et
1236 307 1367 332 ecclesiam
1379 307 1515 340 pertinere,
1529 315 1560 332 ac
1573 305 1712 339 Far-[enses
1729 306 1848 332 monachi
1859 305 2043 339 propulsantes

1104 341 1224 366 iniuriam
1242 342 1274 366 ab
1291 342 1380 367 eisdem
1400 342 1583 367 Sabinensibus
1604 343 1746 374 irroyatam
1769 342 1877 366 retinere
1897 341 2043 366 curaverint

1104 376 1234 400 ecclesiam
1253 381 1428 405 memoratam,
1444 381 1551 409 propter
1572 377 1617 401 hoc
1639 385 1689 401 non
1707 380 1762 401 erat
1784 376 1901 408 episcopo
1919 375 2041 400 restitutio

1104 409 1349 441 fue-lenda,maxime
1358 419 1434 444 quum
1446 420 1461 436 a
1473 411 1552 436 ricino
1563 411 1721 435 contrariam
1732 415 1795 435 esset
1805 410 1954 435 sententiam
1965 417 2042 442 super

1102 445 1220 476 petitorio
1234 450 1392 478 eaccpturus,
1406 450 1428 470 et
1441 446 1486 479 qui
1494 446 1556 478 petit
1568 446 1636 479 quod
1649 445 1793 469 redditurus
1803 449 1846 475 est,
1858 445 1942 468 dotum
1956 443 2043 475 facere

1105 478 1279 511 diqnosccttrw,
1302 481 1366 504 sicut
1387 480 1413 504 in
1438 480 1550 504 ciuilibus
1575 479 1670 512 leyibus
1693 480 1842 503 continetur.
1880 478 2042 504 §Medietatem

1105 522 1203 546 quoque
1216 514 1372 538 oblationum
1385 514 1531 547 specialium
1546 514 1707 547 quorundam
1721 513 1817 537 dierum
1831 513 1895 538 idem
1909 513 2044 546 episcopus

1105 548 1130 572 in
1144 548 1229 572 eadem
1239 548 1289 572 sibi
1297 549 1403 573 ecclesia
1414 549 1571 578 vendicabat,
1582 556 1658 586 fluam
1669 548 1745 572 eidem
1757 548 1786 572 de
1793 548 1874 580 plano
1884 551 2042 580 procurator

1105 582 1182 606 vestri
1192 582 1342 607 monasterii
1353 581 1518 617 recoynouit]
1539 583 1610 615 Quia
1620 582 1740 615 initui-1⁶⁸
1752 582 1789 606 bis
1799 586 1820 606 et
1831 582 1890 606 aliis
1902 581 2042 611 intellectis,

1104 624 1171 649 quae
1192 625 1279 641 coram
1302 617 1478 642 cardinalilms
1499 625 1579 649 supra
1601 617 1673 641 dictis
1693 624 1756 649 pars
1774 620 1832 640 utra
1852 624 1883 640 ue
1897 623 2044 648 proponere

1102 651 1260 683 procuravit,
1286 651 1366 676 nobis
1392 651 1525 683 constitit,
1550 650 1699 676 ecclesiam
1724 658 1809 683 supra
1834 624 1937 675 dictam
1958 650 2045 674 sancti

1105 685 1199 717 Anqeli
1221 685 1399 710 constitutam
1424 694 1477 710 esse
1502 685 1529 710 in
1554 684 1677 710 dioecesi
1702 684 1860 715 Sabinensi,
1884 685 1914 709 de
1935 684 2041 709 consilio

1104 719 1217 751 fratrum
1239 724 1387 744 nostrorum
1407 719 1570 753 episcopale
1592 719 1633 744 ius
1656 719 1683 743 in
1705 719 1834 744 omnibus
1853 718 2042 752 spiritualibus

1105 753 1197 779 eidem
1219 754 1354 788 episcopo
1376 753 1597 779 adiudicavimus
1619 753 1646 778 in
1669 753 1807 785 eademl‘,
1828 753 1881 778 illis
1904 752 2043 778 tantum¹⁸

1106 788 1240 822 exceptis,
1258 796 1330 822 quae
1352 796 1403 822 per
1419 788 1581 813 authentica
1598 787 1702 820 scripta
1720 787 1746 812 ei
1764 786 1966 819 dignoscuntur
1978 795 2043 813 esse

1106 822 1257 854 subtracta,
1271 822 1352 857 -1-[boe
1363 823 1397 847 ad
1409 823 1534 847 cautelam
1546 830 1675 855 expresso,
1688 826 1712 845 ut
1723 821 1877 846 medietatem
1887 822 2043 846 oblationum

1103 857 1295 889 praedictarum
1309 857 1414 886 dierum,
1428 865 1513 890 quam,
1527 857 1591 881 sicut
1604 856 1696 880 dictum
1712 860 1756 885 est,
1770 856 1820 888 ipsi
1833 861 1991 888 procurator
2004 864 2042 880 rc-

1105 892 1220 924 cofflzorit
1234 892 1284 916 iam.
1297 892 1387 922 dictus,
1399 891 1425 915 in
1438 892 1524 916 eadem
1537 890 1645 915 ecclesia
1655 890 1782 922 percipiat
1796 889 1951 924 annuatim]
1971 890 2043 923 Quia

1105 934 1171 951 vero
1194 926 1409 951 instrumentum
1431 925 1615 959 praedictum,
1633 932 1683 957 per
1701 923 1777 957 quod
1796 924 1944 958 episcopus
1961 933 2043 958 supra

1105 960 1198 985 dit-tczm
1212 960 1360 986 ecclesiam
1373 959 1536 985 intendebat
1544 960 1565 976 1²³
1579 957 1650 993 [sibi]
1669 958 1762 992 quoad
1777 959 1972 991 temporaliat'o
1984 959 2041 984 vin-

1106 994 1209 1026 dicare,
1231 994 1267 1020 ad
1294 993 1481 1020 faciendam21
1504 1001 1589 1027 super
1614 993 1667 1018 hoc
1693 992 1778 1018 fidem
1803 992 1955 1018 invalidum
1979 1001 2043 1019 esse

1105 1028 1297 1062 cognovimus,
1311 1033 1409 1062 utpote
1427 1032 1543 1062 propter
1555 1027 1729 1061 praedictam
1747 1026 1782 1052 de
1795 1026 1854 1052 iure
1867 1031 2041 1061 suspectum:

1104 1071 1154 1088 vos
1177 1063 1212 1089 ab
1234 1063 1409 1096 impetitione
1431 1063 1518 1096 ipsius
1542 1061 1636 1095 quoad
1661 1061 1827 1095 temporalia
1849 1061 1976 1088 eiusdem
1998 1070 2042 1088 ec-

1104 1097 1207 1123 clesiae
1230 1097 1357 1123 duximus
1378 1097 1562 1122 sententialiter
1583 1095 1782 1128 absolvendos,
1800 1096 1878 1121 eidem
1899 1104 1976 1129 super
1997 1096 2042 1121 hoc

1103 1132 1229 1157 silentium
1251 1132 1414 1164 imponentes.
1453 1130 1544 1165 [Nulli
1559 1139 1618 1164 erqo
1637 1135 1681 1156 etc.
1718 1130 1781 1155 Dat.
1802 1130 1904 1155 Viterbii
1919 1131 1956 1156 II.
1972 1130 2042 1156 Non.

1105 1168 1169 1199 Any.
1184 1168 1232 1192 Λο.
1246 1166 1310 1192 XII.
1328 1165 1419 1200 1209.]'1

1491 1226 1507 1245 C
1514 1226 1564 1245 ΑΡ.
1581 1225 1642 1246 VIII.
1649 1224 1656 1238 ¹

1103 1261 1262 1280 monasterium
1282 1261 1408 1280 subiectum
1427 1262 1460 1279 est
1479 1261 1589 1284 episcopo,
1608 1261 1631 1279 iu
1651 1260 1713 1279 cuius
1731 1259 1831 1279 dioecesi
1849 1260 1917 1279 situm
1936 1262 1980 1285 est,
2000 1260 2043 1279 nisi

1316 1287 1421 1311 probetur
1431 1289 1556 1310 exceptum.
1584 1287 1611 1305 H.
1622 1286 1643 1305 d.
1654 1286 1726 1310 quoad
1736 1286 1833 1305 titulum.

1517 1328 1634 1354 Idemss.

1171 1372 1264 1406 Quum
1290 1371 1426 1397 dilectusss
1451 1371 1522 1397 filius
1546 1370 1611 1406 †[F.
1635 1371 1770 1396 Auriensis
1795 1372 1907 1397 decanus
1931 1371 2040 1397 nuncius

1103 1407 1253 1432 venerabilis
1266 1406 1359 1438 fratris
1373 1407 1456 1431 nostri
1467 1406 1601 1431 Auriensis
1614 1406 1733 1439 episcopi,
1747 1411 1769 1431 et
1782 1407 1903 1439 mayt‘ster
1916 1406 2043 1431 Robertus

1101 1441 1240 1466 monachus
1255 1441 1342 1466 Cellae
1354 1450 1436 1465 not-ac
1449 1445 1470 1465 et
1483 1441 1582 1465 abbatis
1595 1441 1637 1465 soz·
1647 1441 1764 1472 nuncius,
1780 1441 1814 1466 atl
1825 1441 1907 1466 sedem
1920 1441 2042 1474 apostoli—

1101 1484 1158 1500 cam
1176 1476 1351 1506 accessissent,
1372 1484 1418 1499 nos
1435 1476 1470 1499 eis
1488 1475 1605 1500 dilectum
1622 1475 1705 1509 filium
1723 1476 1754 1500 P.
1772 1480 1878 1500 sanctae
1895 1475 2000 1500 *itariae
2017 1476 2042 1500 in

1107 1510 1153 1535 Via
1175 1510 1229 1535 lata
1252 1510 1388 1535 diaconum
1409 1510 1566 1534 cardinalem
1585 1509 1755 1535 concessimus
1777 1510 1926 1541 tualitorem,
1952 1518 2040 1534 coram

1100 1553 1150 1578 quo
1163 1543 1212 1576 fuit
1225 1553 1256 1569 ea:
1268 1544 1382 1577 episcopi
1391 1549 1466 1577 parte
1474 1545 1644 1577 propositmn,
1656 1544 1732 1577 quod,
1744 1553 1818 1578 quum
1830 1545 1895 1569 idem
1908 1544 2042 1577 episcopus

1101 1579 1216 1604 abbatem
1229 1579 1277 1604 sibi
1288 1579 1342 1612 leye
1354 1579 1504 1604 dioecesana
1518 1579 1655 1603 subiectum
1669 1583 1782 1603 uocasset
1795 1579 1829 1603 atl
1845 1579 1977 1611 synodum,
1991 1579 2044 1611 epse

1100 1622 1152 1638 non
1173 1614 1256 1638 solum
1278 1622 1330 1638 non
1352 1614 1459 1638 accessit
1481 1613 1516 1638 ad
1536 1614 1626 1646 ipsum,
1644 1613 1719 1637 immo
1741 1613 1816 1638 etiam
1832 1613 1917 1638 sancti
1933 1614 2005 1638 Petri
2020 1618 2043 1637 et

1099 1652 1206 1673 sanctae
1221 1648 1360 1673 Columbae
1370 1648 1501 1681 prioribus
1514 1652 1536 1672 et
1556 1648 1774 1681 archipresbytero
1790 1648 1871 1673 Cauci
1882 1647 1907 1672 in
1920 1647 2044 1672 Auriensi

1100 1682 1209 1707 dioecesi
1225 1683 1366 1708 constitutis
1380 1682 1516 1715 probibuit,
1534 1691 1565 1707 ne
1583 1682 1617 1707 ad
1634 1683 1712 1715 ipsius
1730 1682 1843 1715 episcopi
1857 1682 1979 1715 synodum
1998 1690 2040 1707 ac-

1100 1718 1187 1742 cedere
1199 1721 1362 1748 attentarent,
1376 1718 1434 1742 licet
1452 1717 1526 1742 etiam
1545 1721 1706 1742 vocarentur.
1746 1717 1879 1750 Quumque
1896 1717 1976 1741 dictus
1989 1717 2039 1749 epi—

1099 1760 1200 1785 scopus,
1225 1756 1249 1776 ut
1271 1752 1361 1777 saltent
1383 1751 1510 1776 humiliter
1528 1751 1643 1776 abbatem
1665 1751 1699 1776 ad
1722 1751 1813 1775 bimum
1831 1751 1985 1776 obedientiae
2003 1760 2041 1775 re-

1100 1790 1209 1817 vocaret,
1232 1791 1255 1811 et
1277 1787 1385 1811 vinceret
1403 1786 1429 1811 in
1449 1786 1512 1811 lmno
1530 1786 1634 1817 malum,
1654 1785 1704 1818 ipsi
1720 1786 1873 1812 mandasset.
1893 1790 1918 1810 ut
1936 1794 1991 1810 eum
2008 1786 2043 1810 ad

1099 1825 1219 1845 statutum
1235 1821 1369 1845 terminum
1380 1821 1405 1845 in
1419 1821 1572 1845 monasterio
1585 1824 1752 1853 exspectaret,
1763 1820 1820 1844 licet
1830 1821 1962 1853 episcopus
1973 1820 2041 1850 illuc,

1099 1855 1169 1880 iuxta
1183 1855 1251 1887 qaod
1260 1856 1424 1888 promiserat,
1436 1855 1590 1886 accessisset,
1602 1855 1717 1880 abbatem
1732 1863 1783 1879 non
1798 1855 1898 1887 reperit,
1916 1859 1938 1879 et
1949 1858 2041 1887 portas

1099 1890 1249 1914 monasterii
1269 1891 1373 1915 clausas
1394 1890 1495 1920 incenit,
1514 1898 1559 1914 nec
1580 1890 1615 1914 ad
1635 1889 1773 1914 monachos
1790 1889 1874 1914 aditus
1890 1889 1914 1913 ei
1929 1893 1964 1914 est
1983 1897 2042 1913 con-

1099 1932 1192 1949 cessus.
1230 1924 1341 1957 Propter
1359 1924 1426 1957 qnod
1443 1924 1557 1949 abbatem
1575 1923 1714 1957 suspendit,
1728 1928 1751 1948 et
1768 1924 1951 1949 monasterium
1965 1923 2041 1948 inter-

1099 1959 1170 1984 ‹ln-it.
1197 1958 1288 1984 Verum
1298 1967 1375 1992 (ptum
1385 1968 1431 1983 nec
1442 1963 1549 1992 propter
1561 1959 1607 1983 hoc
1620 1958 1699 1983 abbas
1712 1959 1765 1991 ipse
1777 1967 1794 1983 a
1806 1967 1852 1982 suo
1866 1958 2041 1983 contumaciae

1095 1993 1230 2026 proposito
1244 1993 1360 2024 resiliret,
1376 2002 1421 2018 nec
1434 1994 1503 2018 latas
1516 1993 1541 2017 iu
1555 2001 1581 2017 se
1594 2002 1625 2018 ac
1643 1993 1826 2017 monasterium
1842 1993 1980 2018 sententias
1992 1992 2039 2024 ,ob-

1098 2031 1220 2059 seruaret,
1232 2027 1257 2052 in
1268 2036 1323 2052 eum
1334 2027 1604 2053 excommunicatt'onis
1613 2027 1763 2052 sententiam
1770 2027 1952 2060 promulyavit,
1964 2035 2041 2060 quam

1098 2062 1181 2086 dictus
1191 2062 1304 2095 episcopi
1313 2062 1421 2087 nuncius
1432 2071 1448 2087 a
1458 2062 1530 2086 nobis
1536 2061 1609 2095 petiit
1620 2062 1778 2095 confirmari.
1806 2062 1921 2087 Ceterum
1931 2062 2041 2086 nuncius

1095 2097 1181 2130 partis
1199 2097 1322 2122 arloersae
1336 2097 1482 2129 petitionem
1500 2097 1553 2121 eius
1570 2105 1622 2121 non
1639 2105 1692 2121 esse
1705 2097 1885 2121 admittendam
1896 2096 2039 2129 proposuit,

1098 2131 1167 2164 quia,
1181 2131 1239 2155 licet
1251 2131 1435 2156 monasterium
1454 2131 1536 2164 ipsum
1552 2130 1623 2162 infra
1637 2135 1716 2155 metas
1729 2130 1864 2156 Aurienst‘s
1877 2130 1996 2155 dioecesis
2008 2131 2041 2155 sit

1099 2169 1280 2196 constructum,
1300 2165 1405 2190 liberum
1430 2170 1514 2190 tannen
1533 2173 1633 2197 semper
1654 2165 1755 2195 exstitit,
1777 2169 1799 2190 et
1821 2165 1853 2190 ab
1875 2165 1945 2189 omni
1964 2165 2040 2189 iuris-

1098 2200 1207 2224 dictione
1228 2208 1260 2224 ac
1281 2200 1339 2232 tayo
1359 2200 1491 2225 :lariensis
1508 2199 1629 2225 ecclesiae
1646 2208 1662 2224 a
1676 2204 1788 2233 tempore
1804 2207 1866 2224 suae
1882 2199 2042 2231 fundationis

1098 2238 1248 2267 exemptum.
1286 2235 1426 2259 Praeterea
1444 2234 1468 2258 si
1487 2234 1620 2267 episcopus
1638 2234 1753 2267 aliquam
1770 2234 1796 2258 in
1814 2242 1851 2263 eo,
1869 2234 1937 2268 quod
1954 2242 2040 2258 verum

1098 2277 1149 2292 non
1174 2272 1238 2298 erat,
1264 2268 1459 2293 iurisdictionem
1484 2268 1594 2299 baberet,
1619 2269 1680 2302 quia
1705 2272 1788 2293 tamen
1813 2268 1892 2293 abbas
1917 2268 1949 2293 ab
1973 2268 2042 2292 omni

1095 2303 1248 2335 9›·auantine
1264 2303 1337 2335 prius
1349 2303 1384 2327 ad
1395 2303 1478 2328 sedem
1497 2302 1665 2336 apostolicam
1683 2303 1839 2336 appellarat,
1852 2302 1999 2328 sententiam
2014 2303 2040 2326 in

1097 2345 1153 2361 eum
1171 2341 1193 2361 et
1206 2337 1388 2362 maemasterium
1403 2338 1565 2370 postmodum
1582 2338 1663 2362 latam
1683 2338 1779 2362 nullam
1799 2337 1862 2361 idem
1876 2337 1984 2361 nuncius
1997 2336 2038 2360 ob-

1098 2371 1177 2396 tinere
1190 2372 1299 2396 asseruit
1310 2372 1466 2405 firmitatem.
1502 2373 1661 2405 Conquestus
1674 2376 1710 2396 est
1724 2372 1798 2396 etiam
1811 2372 1874 2395 idem
1889 2371 1997 2395 nuncius
2009 2379 2039 2395 ez·

1095 2410 1172 2438 parte
1185 2406 1293 2438 capituli
1305 2407 1391 2431 Cellae
1402 2415 1490 2437 norae,
1501 2407 1571 2439 quod
1583 2406 1664 2431 dictus
1677 2406 1810 2438 episcopus
1823 2406 1938 2430 abbatem
1952 2413 2038 2430 eorum

1097 2440 1160 2464 adeo
1175 2440 1345 2471 circumuenit,
1359 2441 1428 2474 quod
1445 2445 1536 2465 contra
1549 2441 1730 2465 immunitatem
1749 2441 1827 2473 ipsius
1839 2440 1960 2464 ccclesiae
1977 2439 2039 2472 ipsis

1098 2474 1264 2499 nescientibus
1277 2475 1301 2499 ei
1312 2475 1477 2500 obedientiam
1493 2473 1658 2509 repromisit]
1696 2475 1753 2499 Νη·
1771 2474 1848 2506 iqitur
1866 2482 1943 2506 super
1961 2482 2038 2506 prae-

1097 2509 1170 2534 dictis
1180 2517 1228 2542 per
1241 2513 1408 2534 memoratum
1422 2509 1579 2534 cardinalem
1594 2509 1718 2539 instructi,
1734 2509 1805 2542 Quia
1815 2516 1899 2533 causa.
1911 2508 1967 2540 ipsa
1981 2515 2036 2532 non

1098 2547 1208 2577 poterat
1222 2543 1249 2569 in
1262 2547 1358 2569 nostra
1371 2543 1531 2578 praesentia
1548 2543 1700 2575 terminari,
1720 2547 1804 2576 utpote
1822 2550 1907 2576 quum
1921 2542 2036 2567 nuncius

1097 2577 1260 2604 monasterii
1278 2586 1363 2612 super
1380 2578 1577 2612 procuratione
1595 2578 1639 2604 vel
1657 2577 1855 2603 ratihabitione
1873 2576 1966 2602 literas
1980 2583 2036 2602 non

1098 2611 1228 2638 haberet:
1242 2620 1304 2638 eam
1315 2616 1408 2639 vestro
1421 2612 1548 2638 duximus
1560 2611 1678 2638 examini
1690 2610 1929 2642 committendam,
1942 2610 2036 2635 discre-

1098 2647 1162 2671 tioni
1181 2651 1278 2672 uestrae
1296 2655 1345 2680 per
1367 2648 1510 2680 apostolica
1531 2647 1629 2679 scripta
1650 2645 1825 2676 mandantes,
1848 2650 1995 2678 quatenus,
2014 2644 2037 2670 si

1097 2681 1166 2706 vobis
1179 2680 1344 2714 constiterit,
1357 2681 1490 2708 abbatem
1503 2682 1585 2715 ipsum
1599 2680 1634 2706 ad
1648 2680 1746 2706 sedem
1759 2678 1945 2713 apostolicam
1961 2687 2038 2712 super

1099 2809 1142 2832 Db:
1155 2810 1251 2831 Govnllo
1262 2810 1391 2831 Panatullo:
1407 2810 1449 2832 Dr.-
1463 2810 1567 2831 Gonaldo
1578 2809 1682 2829 Pannllo:
1693 2807 1733 2833 Df:
1743 2808 1845 2828 Govaldo
1855 2807 1989 2828 Panaueno:
1999 2807 2038 2832 oy)

1099 2842 1148 2856 cum
1164 2838 1209 2856 suls
1223 2838 1303 2861 pertin.
1319 2838 1363 2857 lam
1378 2837 1460 2856 dictum
1476 2837 1543 2856 ecch:
1565 2835 1594 2857 l),-
1613 2836 1683 2859 ipsum
1699 2834 1810 2854 unaldum
1826 2834 1999 2858 Pontianeuum„
2015 2835 2039 2853 ln

1099 2868 1142 2886 quo
1157 2865 1190 2882 ost
1204 2863 1264 2883 dicta
1279 2864 1381 2884 ecclesia.
1401 2868 1451 2882 cum
1466 2863 1511 2881 suis
1526 2862 1618 2885 portia:
1638 2860 1685 2883 Bell.
1748 2860 1780 2883 14)
1795 2865 1834 2884 pro
1849 2860 1930 2879 annuis
1944 2860 1981 2879 lv.
1996 2860 2037 2879 sol.

1098 2888 1152 2912 Pap.
1163 2902 1168 2907 .
1180 2902 1185 2907 .
1196 2903 1201 2908 .
1212 2889 1378 2913 persolvendis:
1394 2888 1436 2912 Dbs
1466 2888 1498 2908 15)
1509 2892 1633 2911 quousque:
1648 2885 1677 2905 Db
1713 2885 1745 2908 16)
1757 2886 1835 2910 igitur:
1850 2886 1928 2904 exstat:
1942 2885 2040 2908 mmm,-

1099 2914 1140 2933 His
1150 2915 1230 2939 igitur.
1242 2929 1247 2934 .
1259 2929 1264 2934 .
1275 2915 1338 2939 quia:
1349 2914 1367 2933 D
1394 2915 1426 2937 Π)
1437 2913 1542 2933 candem:
1554 2911 1584 2931 Bb
1614 2912 1645 2931 18)
1656 2912 1774 2931 duntaxat:
1786 2910 1843 2930 Dabo
1852 2910 1900 2935 Rcy.
1933 2911 1966 2935 19)
1976 2917 2038 2936 pruc-

1099 2939 1216 2959 tondebat:
1231 2940 1261 2959 Do
1315 2940 1348 2964 20)
1359 2939 1503 2964 episcopalia:
1519 2938 1562 2963 Ity:
1575 2938 1712 2962 splritunliu:
1726 2936 1757 2955 Ill·
1807 2937 1840 2961 21)
1851 2937 1988 2957 faciendum:
2002 2936 2042 2956 FN

1099 2965 1132 2988 22)
1144 2971 1242 2985 rasuram
1254 2980 1259 2986 .
1270 2979 1274 2984 .
1285 2980 1291 2985 .
1302 2968 1439 2990 suspectam:
1455 2964 1492 2983 ΙΙΙ).

1151 2992 1213 3016 Cap.
1229 2992 1290 3012 vm.
1319 2992 1337 3014 1)
1349 2991 1475 3010 Rcstttatnm
1486 2995 1509 3008 (z
1519 2988 1567 3012 Ith.
1579 2988 1626 3007 Bal.
1637 2989 1653 3011 Ι,
1664 2989 1709 3012 00.;
1719 2988 1787 3013 Cotnp.
1797 2989 1835 3008 IV.
1845 2994 1862 3007 c.
1873 2989 1892 3008 2.
1901 2988 1922 3007 lo.
1933 2988 1947 3007 t.
1958 2987 1986 3011 (3,
1997 2988 2038 3011 1³.)

1099 3017 1119 3040 2)
1130 3018 1226 3037 Lunensi
1236 3018 1348 3042 episcopo.
1364 3016 1439 3035 abbat!
1451 3016 1478 3034 de
1489 3015 1570 3034 Melon.
1581 3017 1603 3033 et
1613 3014 1679 3033 Petro
1690 3014 1769 3033 Ioanni
1783 3015 1943 3034 archidiacono
1953 3014 2038 3034 Asturi-

1100 3043 1173 3063 coust:
1188 3043 1252 3068 Κῴη·
1263 3053 1284 3056 -
1295 3042 1390 3062 Potomst
1400 3046 1434 3061 uo.
1445 3042 1476 3061 ϋϋ.
1529 3041 1550 3065 3)
1565 3040 1643 3059 dilecti
1658 3040 1709 3059 ulii:
1724 3039 1772 3066 qu.
