2243 3288
162 301 182 325 1«
189 300 227 325 ⁹91·

162 385 212 410 pro
226 383 276 400 suo
291 375 426 400 interesse
438 382 522 407 super
534 373 634 398 iniusta
646 373 934 399 excommunicatione
944 373 1100 407 querelam:

161 410 257 435 audire
272 409 368 442 utiquc
383 408 484 433 debent
497 416 570 433 eum.
607 408 694 433 Secus
707 412 810 439 autem,
829 407 851 432 si
865 411 1050 441 conqueratur
1064 407 1101 434 de

164 446 233 477 ipso,
247 447 275 467 ut
289 443 426 468 relaxetur
439 442 598 467 huiusmodi
617 442 765 473 sententia,
783 446 879 467 contra
897 450 927 467 se
945 442 980 467 ab
999 450 1032 467 eo
1051 450 1101 475 pro

161 478 214 503 alio
229 477 416 511 promulgata:
436 476 568 510 quoniam
587 476 657 502 tueri
676 476 746 501 hanc
765 484 877 501 causam
891 483 946 500 non
959 475 995 501 ad
1009 476 1102 509 ipsum

162 511 378 543 suffraganeum.
393 511 442 536 scd
453 512 560 541 cuns-'2
574 519 623 544 pro
635 518 691 544 quo
703 515 745 535 est
757 510 896 536 sententia
906 510 971 542 lata,
985 514 1102 544 spectat.

161 548 312 572 Attamen‘
336 545 358 570 si
381 545 574 577 suti'raganeus
596 545 640 570 vel
663 549 738 570 extra
761 544 893 569 iudicium
915 553 965 577 pro
988 553 1102 570 suorum

163 580 327 605 defensione
346 580 454 611 iuriuin,
477 579 519 604 vel
543 579 628 604 etiam
647 579 674 604 in
697 579 798 604 iudicio
816 587 849 604 ex
872 587 922 603 suo
945 578 1102 612 procedens

164 614 266 645 officio,
280 614 446 647 inquirendo
459 613 589 639 videlicet
603 613 647 638 rel
661 613 749 638 simile
764 613 831 646 quid
845 612 966 645 agendO,
979 613 1102 646 aliquem

164 648 398 674 excommunicet:
422 648 448 673 in
471 648 524 672 hoc
547 656 611 673 casu
632 647 840 673 conveniendus
863 652 905 672 est
924 647 984 680 ipse
1006 646 1102 672 suffra-

161 691 267 715 ganeus
285 691 378 707 corani
401 682 614 715 archiepiscopo
636 682 679 707 vel
703 682 761 707 eius
784 681 905 713 officiali,
928 681 993 714 quia
1016 681 1102 714 ipsius

162 718 276 742 interest
291 716 444 742 defendere
457 725 570 741 causam
585 725 673 741 suam.
698 715 718 749 ξ.
736 724 756 741 1.
776 716 860 741 Porro
875 715 1102 749 archiepiscopus

161 751 225 777 vel¹1
239 751 299 776 eius
318 751 452 776 officiales
471 750 727 776 excommunicatos
746 759 761 775 a
779 749 962 783 suffraganeis
982 757 1103 783 semper,

162 791 313 818 antequam
326 785 423 811 audire
437 793 550 810 causam
565 785 706 818 incipiant,
726 784 752 809 in
767 784 887 815 casibus,
906 784 932 809 in
947 784 1048 817 quibus
1062 783 1102 809 eis

161 819 316 845 iurisdictio
335 819 480 853 competit,
503 819 577 844 iuxta
596 819 732 844 ecclesiae
751 818 870 844 formam
888 818 992 844 debent
1010 818 1103 843 absol-

160 862 236 885 vere,
258 859 356 887 utpote
375 854 397 878 si
420 859 485 887 post
509 853 684 878 diffinitivam
708 852 789 878 fuerit
808 852 1103 878 excommunicationis

161 889 301 914 sententia
325 888 531 922 1)ronttilgata⁰,
556 893 583 913 et
609 887 644 912 ad
670 888 754 913 cosm
779 886 880 912 fuerits
901 887 1104 920 appellatumss,

163 923 288 956 exceptis
303 923 424 953 casibus,
441 923 468 947 in
489 922 590 956 quibus
609 922 667 947 iura
686 921 836 955 prohibent
853 926 918 955 post
937 921 1104 947 sententiam

161 957 314 990 appellare.
351 956 494 987 Similiter,
508 957 530 981 si
545 956 737 988 suffraganeus
751 961 829 982 extra
847 955 979 981 iudiciuin
993 963 1102 981 excom-

162 991 284 1016 municet
307 991 429 1024 aliquem
451 999 502 1024 pro
521 991 580 1016 eius
599 991 715 1022 offensa,
737 991 781 1016 vel
802 998 854 1023 pro
875 990 917 1015 sui
940 989 1105 1015 defensione

162 1025 238 1057 iuris,
261 1029 288 1051 et
310 1033 395 1058 super
417 1025 470 1050 hoc
493 1025 695 1058 querimoniam
721 1025 765 1050 ille
788 1029 938 1058 proponat:
962 1028 1005 1049 est
1025 1023 1104 1049 ille4*

164 1060 291 1093 primitus
317 1060 392 1085 iuxta
422 1059 540 1085 formam
570 1059 705 1085 ecclesiae
734 1059 938 1090 absolvendus,
967 1058 1018 1083 nisi
1049 1059 1104 1083 suf-

161 1094 313 1127 fraganeus
327 1094 510 1127 probaturum
524 1102 555 1119 se
565 1093 673 1125 offerat,
688 1093 765 1127 quod
776 1102 826 1127 pro
837 1092 987 1118 manifesta
997 1091 1105 1118 offensa

162 1128 458 1154 excommunicationis
472 1136 536 1154 eum
550 1128 659 1153 vinculo
674 1127 824 1153 innodavit.
862 1127 938 1153 Idem
952 1131 995 1153 est
1009 1127 1103 1159 etiam,

162 1163 184 1188 si
209 1171 379 1196 quemquam
402 1171 453 1200 pro
477 1167 657 1196 praesumpta
679 1161 862 1194 contumacia,
887 1161 1017 1187 videlicet
1040 1161 1104 1194 quia

163 1197 263 1222 citatus
278 1197 418 1231 praefixon
431 1197 483 1222 sibi
498 1197 616 1222 termino
631 1205 685 1222 non
700 1197 865 1230 comparuit,
884 1195 1104 1222 excommunica-

164 1232 239 1257 tione
257 1231 441 1264 constringat:
461 1231 535 1264 quia,
554 1232 575 1256 si
595 1231 634 1256 sic
652 1231 752 1263 ligatus
771 1231 916 1264 proposita
930 1229 1105 1263 querimonia

163 1271 241 1300 petat
254 1266 290 1291 ab
303 1265 517 1303 archiepiscopo
532 1274 562 1291 se
575 1265 693 1297 absolvi,
711 1265 769 1291 sive
784 1265 896 1298 quando
911 1264 1104 1297 suffraganeus

161 1309 195 1326 ex
214 1308 264 1326 suo
283 1305 421 1334 processit
444 1299 546 1332 officio,
569 1300 627 1326 sive
647 1299 760 1334 quando
782 1304 825 1325 est
846 1299 883 1325 ad
904 1299 996 1333 ipsum
1017 1298 1105 1324 archi-

160 1413 234 1436 quam
248 1405 337 1435 allegat
356 1413 428 1436 super
446 1404 662 1435 appellationibus,
679 1412 742 1435 quae
755 1412 768 1427 a
782 1403 908 1427 sententiis
921 1403 1104 1427 archidiacono-

161 1448 221 1467 rum,
239 1447 371 1470 eorumque
385 1439 533 1467 officialium,
550 1443 572 1461 et
590 1439 702 1467 aliorum,
719 1439 759 1469 qui
778 1438 892 1469 praefatis
905 1438 1005 1461 subsunt
1020 1437 1103 1461 suffra-

160 1474 245 1503 ganeis
258 1474 288 1496 ad
303 1474 378 1504 ipsius
391 1474 482 1496 curiam
496 1473 592 1496 omissis
608 1473 699 1496 eisdem
718 1473 876 1503 suffragancis
893 1473 1043 1500 emittuntur,
1060 1480 1104 1495 nec

161 1518 212 1531 esse
226 1508 364 1539 praedictos·
377 1507 570 1536 archidiaconos,
587 1512 609 1530 et
624 1507 692 1535 alios,
706 1512 731 1530 ut
745 1507 854 1530 intersint
870 1507 1008 1538 probationi
1022 1506 1103 1530 huius-

160 1543 227 1565 modi
250 1543 400 1570 evocandos;
425 1542 482 1573 quia
503 1550 553 1565 uon
575 1541 644 1565 refert
664 1545 782 1572 quantum
800 1541 830 1564 ad
848 1541 921 1572 ipsos,
942 1549 987 1564 nec
1004 1541 1103 1564 interest

159 1585 243 1600 eorum
261 1577 372 1608 experiri,
389 1577 427 1600 vel
445 1576 600 1605 contendere,
618 1576 648 1599 ad
666 1583 739 1607 quem
756 1576 785 1599 sit
805 1576 836 1599 ab
853 1576 961 1607 ipsorum
977 1575 1103 1599 sententiis

159 1611 343 1642 appellandum.
384 1611 546 1634 Decet-nimus
563 1611 668 1642 insuper,
690 1610 755 1641 quod
773 1610 979 1641 archiepiscopus,
996 1610 1034 1633 vel
1052 1610 1103 1633 cius

160 1646 270 1669 officialis
281 1646 304 1668 in
315 1645 510 1677 appellationum
521 1645 606 1673 causis,
616 1653 676 1676 quas
686 1645 718 1667 ab
728 1645 820 1668 eisdem
831 1645 997 1674 suffraganeis,
1007 1652 1102 1668 eorum-

159 1689 206 1711 que
219 1680 364 1703 officialibus
377 1680 407 1703 ad
426 1680 493 1711 ipsos
505 1684 562 1703 ante
576 1679 730 1702 diffinitivam
745 1679 891 1702 sententiam
905 1679 1027 1710 interponi
1045 1687 1102 1702 con-

159 1716 229 1745 tigat,
250 1715 389 1738 nullatenus
411 1715 485 1738 citent
503 1718 592 1745 parteS,
613 1722 658 1737 nec
678 1714 833 1737 committant
856 1713 929 1736 etiam
947 1713 1002 1736 aliis
1018 1721 1104 1737 causas

160 1749 224 1780 ipsas
235 1749 429 1780 appellationum
442 1749 520 1772 causis
533 1748 711 1780 probabilibus,
727 1756 768 1771 seu
783 1748 898 1778 legitimis
910 1756 959 1771 non
973 1748 1100 1779 expressis.

161 1783 234 1813 Quod
248 1784 266 1806 si
281 1784 374 1806 vocatis
387 1783 504 1814 partibus,
521 1783 560 1806 vel
578 1782 724 1811 nullatenus,
741 1786 781 1805 aut
795 1790 844 1805 non
858 1781 920 1805 infra
933 1783 966 1806 X.
983 1782 1035 1805 dies
1048 1786 1103 1813 post

161 1818 378 1846 interlocutoriam,
399 1818 436 1841 vel
455 1817 610 1840 diffinitivam
628 1817 773 1840 sententiam
791 1817 943 1848 appellatum
961 1816 1040 1845 fuisse,
1061 1824 1102 1840 seu

160 1852 252 1883 aliquid
270 1852 336 1875 aliud
354 1852 441 1880 simile,
459 1852 541 1882 sicque
554 1859 603 1874 non
620 1859 672 1874 esse
690 1859 733 1882 per
745 1851 937 1882 appellationem
950 1851 980 1874 ad
998 1851 1103 1874 eundem

160 1886 380 1917 archiepiscopum,
394 1886 432 1909 vel
443 1886 494 1909 cius
505 1885 633 1909 officialem
647 1885 789 1909 devolutum
802 1885 927 1915 negotium
941 1889 1100 1916 proponatur,

161 1922 243 1949 iidem,
261 1921 305 1943 nisi
320 1921 386 1951 prius
400 1921 459 1951 ipsis
472 1920 614 1948 constiterit,
632 1928 730 1943 causam
744 1920 774 1942 ad
793 1928 835 1943 eos
852 1919 902 1942 fore
915 1919 1031 1948 delatam,
1049 1927 1103 1950 pro-

162 1955 252 1983 hibere,
267 1963 297 1978 ne
310 1955 333 1978 in
348 1955 398 1983 illa,
412 1955 450 1978 vel
464 1963 494 1978 ne
504 1954 534 1977 ad
546 1955 725 1977 exsecutionem
740 1954 886 1985 procedatur
898 1954 1040 1981 sententiae,
1054 1962 1102 1976 non

161 1994 315 2020 attemptent.
356 1989 382 2012 Si
400 1993 481 2012 autem
499 1989 628 2012 obiiciatur
645 1996 674 2012 ex
692 1989 781 2012 iniusta
794 1996 873 2017 causa,
891 1996 931 2011 seu
950 1988 1031 2011 minus
1044 1988 1103 2018 legi—

161 2024 229 2051 tima,
246 2028 302 2047 ante
319 2023 465 2047 sententiam
483 2023 676 2054 appellationem
695 2023 863 2054 interpositam
881 2023 1008 2051 exstitisse,
1029 2030 1057 2046 ac
1075 2030 1103 2046 ex

160 2067 197 2086 eo,
220 2066 267 2081 non
285 2066 337 2081 esse
355 2058 546 2089 appellationem
569 2057 708 2080 huiusmodi
731 2057 926 2083 admittendam;
948 2065 1103 2088 nequaquam

160 2093 366 2123 archiepiscopus,
385 2092 420 2115 vel
435 2092 487 2115 eius
501 2092 612 2115 officialis
625 2091 762 2123 prohibeat,
780 2100 809 2115 ne
823 2091 969 2122 procedatur
983 2092 1006 2114 in
1020 2099 1099 2120 causa,

161 2128 205 2150 nisi
221 2127 287 2158 prius
300 2126 466 2157 appellatione
477 2131 573 2157 recepta
584 2126 648 2150 velut
660 2126 748 2149 emissa
758 2134 786 2149 ex
797 2134 869 2149 causa
880 2125 1001 2157 probabili
1013 2133 1103 2156 cogno-

161 2170 226 2185 vscere
241 2161 339 2192 incipiat
354 2161 384 2184 de
400 2169 472 2184 causa
487 2161 634 2189 huiusmodi,
648 2168 678 2184 an
690 2161 719 2183 sit
730 2168 799 2188 verm
811 2160 853 2183 sed
867 2164 891 2183 ut
907 2160 1019 2191 probatio
1032 2168 1105 2191 super

161 2195 345 2227 appellatione²
355 2203 383 2218 ac
393 2195 444 2218 eius
457 2203 530 2218 causa
545 2195 637 2218 facilior
647 2200 669 2218 et
684 2195 821 2226 promptior
833 2203 885 2218 esse
899 2195 983 2225 possit,
995 2195 1104 2218 districte

161 2230 331 2261 praecipimus,
349 2230 414 2260 quod
429 2230 455 2253 is.
472 2238 485 2252 a
499 2238 548 2260 quo
564 2229 708 2260 appellatur,
725 2229 850 2260 apostolos
868 2229 1002 2260 appellanti
1020 2237 1104 2252 secun-

161 2265 220 2288 ‹lum
238 2270 347 2287 tenorem
365 2264 545 2287 constitutionis
563 2269 658 2287 nostrae
676 2272 748 2295 super
764 2264 811 2287 hoc
828 2264 908 2287 editae
921 2263 1011 2287 tribuat
1025 2263 1104 2294 requi-

161 2300 232 2326 situs;
250 2306 311 2329 quos
324 2299 343 2321 si
358 2306 405 2321 non
419 2298 563 2326 exhibuerit,
580 2306 608 2321 cx
626 2302 683 2321 tunc
702 2299 719 2321 si
738 2298 799 2321 forte
817 2298 840 2321 in
858 2306 931 2322 causa
947 2298 1100 2329 processerit,

162 2334 207 2356 nisi
220 2333 379 2364 appellationi
392 2333 559 2355 renunciatum
574 2332 651 2361 fuerit,
667 2333 718 2355 cius
731 2332 859 2361 invalidus,
874 2336 896 2356 et
911 2333 991 2356 irritus
1004 2332 1033 2356 sit
1048 2340 1103 2363 pro-

162 2376 250 2391 cessus.
290 2367 344 2390 Nec
365 2375 410 2398 pro
426 2367 535 2389 remedio
553 2367 738 2398 appellantium,
759 2367 816 2397 quia
833 2367 946 2390 videlicet
969 2367 1019 2390 six-e
1036 2370 1100 2396 ante,

162 2403 212 2425 >ive
226 2406 280 2433 post
294 2401 486 2433 appellationem
499 2401 545 2424 sint
560 2401 771 2430 excommunicati,
790 2401 884 2424 etiamsi
899 2401 961 2424 iusta
975 2406 998 2424 ct
1015 2401 1103 2424 admit-

162 2437 236 2460 tenda
246 2436 274 2459 sit
289 2436 432 2467 appellatio,
446 2435 605 2458 nihilominus
617 2435 743 2466 capiantur
756 2435 834 2466 prius3
846 2435 1052 2467 archiepiscopus,
1065 2435 1102 2459 vel

161 2471 212 2494 eius
225 2470 343 2497 officialis,
361 2478 390 2493 ne
403 2469 556 2501 procedatur,
573 2470 661 2492 audeat
680 2469 796 2498 inhibere,
814 2470 871 2500 quia
884 2469 971 2494 sufficit
986 2470 1043 2493 iuris
1055 2469 1103 2493 suf-

164 2505 267 2535 fragium
285 2505 309 2528 in
327 2504 373 2527 hae
391 2509 471 2535 parte;
494 2511 550 2526 nam
569 2509 622 2534 post
641 2504 832 2534 appellationem
850 2504 1027 2535 interpositam,
1043 2504 1102 2527 nihil

162 2545 197 2563 est
212 2539 309 2570 penitus
322 2538 501 2566 innovandum
518 2544 539 2561 et
554 2538 573 2561 si
587 2546 656 2561 secus
669 2538 768 2561 forsitan
782 2543 957 2569 praesumatur,
974 2539 1046 2562 debet
1061 2546 1104 2570 per

163 2574 268 2597 iudicem
282 2573 456 2604 appellationis
469 2578 525 2596 ante
539 2573 621 2595 omnia
634 2572 754 2599 revocari;
767 2577 789 2595 et
803 2573 849 2595 hoc
862 2573 946 2604 utique
959 2581 1056 2604 semper
1068 2577 1103 2596 est

163 2608 309 2636 facit-udum,
330 2616 405 2638 quum
424 2613 479 2638 post
496 2607 688 2638 appellationem
706 2615 719 2629 a
737 2606 867 2630 diffinitiva
889 2607 1008 2630 sententia
1031 2607 1102 2630 inter-

163 2643 268 2674 positam
285 2642 378 2673 aliquid
401 2642 542 2669 innovatur,
563 2641 671 2672 exceptis
689 2641 791 2669 casibus,
809 2641 832 2664 in
851 2641 939 2672 quibus
956 2641 1030 2664 etiam
1047 2646 1103 2672 post

162 2677 307 2700 sententiam
325 2684 340 2699 a
357 2676 408 2699 iure
429 2675 565 2707 appellatio
587 2675 736 2706 prohibetur.
778 2676 860 2705 Quum
883 2684 940 2699 vero
961 2676 1104 2699 immutatur

163 2711 255 2742 aliquid
277 2715 332 2742 post
357 2710 550 2742 appellationem
572 2714 629 2733 ante
654 2709 799 2733 sententiam
825 2710 988 2738 intericetam3
1013 2710 1031 2733 si
1056 2710 1103 2734 hoc

164 2746 254 2769 sactum
268 2751 311 2774 est,
329 2750 460 2776 postquam
478 2744 550 2768 iudex
567 2744 740 2776 appellationis
757 2744 786 2772 ei,
803 2752 817 2766 a
830 2752 879 2775 quo
892 2744 1042 2775 appellatum
1056 2748 1099 2773 est,

164 2780 277 2808 inhibuit,
294 2787 324 2803 ne
338 2779 492 2810 procederet3
505 2787 533 2802 ex
547 2786 596 2810 quo
609 2779 655 2801 sibi
670 2778 784 2801 constitit,
804 2778 928 2808 negotium
943 2779 973 2801 ad
992 2787 1047 2802 eum
1061 2787 1104 2809 per

163 2814 354 2845 appellationem
373 2822 401 2836 ex·
420 2813 541 2844 probabili
555 2821 627 2836 causa
643 2813 812 2844 interpositam
831 2812 880 2835 fore
892 2812 1014 2839 delatuim
1035 2821 1103 2836 revo-

165 2849 270 2871 candum
284 2854 318 2871 cst
333 2848 450 2879 protinus,
468 2847 522 2871 licet
538 2847 598 2870 forte
611 2855 683 2871 causa
696 2846 835 2870 huiusmodi
849 2854 897 2869 non
911 2847 939 2869 sit
955 2855 1023 2875 νει-ω
1043 2847 1104 2870 alias

163 2888 245 2906 autem
263 2891 312 2905 non
330 2883 375 2905 nisi
403 2886 535 2913 postquam
556 2881 730 2913 appellationis
752 2889 850 2904 causam
868 2881 1002 2904 constiterit
1021 2889 1103 2905 veram

164 2925 223 2940 csse.
263 2917 293 2940 In
310 2917 372 2940 alios
388 2920 470 2940 autem
487 2916 697 2947 suffraganeorum
714 2915 832 2945 subditos,
853 2915 895 2947 qui
913 2915 976 2939 circa
994 2923 1052 2945 rem,
1068 2916 1104 2948 ,de

214 2992 234 3016 2)
245 2992 272 3016 cs.
282 2997 348 3017 snpra
359 2998 376 3012 c.
386 2993 405 3011 4.
416 2991 439 3012 ἀι
449 2991 546 3017 appellat.
557 2992 584 3017 (2,
595 2991 637 3016 15.)

192 3126 203 3136 .,
215 3102 268 3131 Tit.
283 3102 321 3121 XL
349 3103 410 3126 Cap.
425 3103 475 3122 vn.

165 3132 210 3146 cota.
220 3132 270 3152 oruq.

506 3103 527 3126 2)
537 3103 565 3122 ad
575 3108 637 3123 eum:
652 3102 756 3123 ABCDEF
813 3102 834 3125 3)
845 3103 915 3126 ipsos:
929 3101 1016 3122 BCDEF
1022 3102 1072 3126 oria.

323 3129 343 3152 ἵ)
354 3129 388 3148 vel
400 3134 456 3148 uon:
471 3130 495 3151 ιζ’
509 3134 566 3148 nou:
580 3129 596 3148 A
648 3130 668 3152 ὅ)
679 3129 782 3149 deberet:
796 3128 908 3153 BEb'ortq.

479 298 585 322 stiX't‘l
605 296 814 322 DECRETAL.
835 296 900 322 Lm.
920 296 953 322 V.
973 296 1042 322 TlT.
1062 296 1109 322 Xl.
1128 296 1180 323 DE
1199 295 1407 323 SENTENTIA
1427 295 1598 322 EXCOMM.
1618 299 1670 322 etc.
1690 304 1713 321 c.
1733 304 1757 328 7.

2005 294 2072 320 1100

1136 374 1300 408 episcopum
1322 377 1386 399 aute
1405 373 1572 398 sententiam
1593 372 1767 398 diffinitivam
1787 372 1969 406 appellatum,
1990 375 2018 397 et
2035 371 2070 397 ab

1135 408 1296 434 adversario
1311 411 1491 442 proponatur,
1505 406 1581 440 quod
1594 407 1781 433 absolvendus
1795 415 1850 432 non
1864 407 1908 439 sit,
1921 413 1973 431 nec
1985 405 2071 439 pandi

1136 443 1161 468 ei
1184 443 1287 469 debeat
1308 442 1401 468 iudicii
1424 441 1526 473 aditus,
1551 441 1602 466 nisi
1623 441 1699 474 prius
1722 449 1859 475 expensas
1881 440 2018 472 restituat,
2043 444 2071 466 et

1136 476 1237 502 iudicio
1251 477 1310 502 sisti
1329 476 1459 502 exhibeat
1477 475 1643 506 cautionem,
1662 475 1779 509 ipseque
1797 475 1976 509 respondeat,
1994 474 2071 508 quod

1136 516 1211 536 recte
1225 516 1371 536 contumax
1385 509 1506 543 reputari
1525 517 1580 535 non
1594 509 1680 535 debet
1697 518 1747 543 pro
1760 518 1804 541 eo,
1818 508 1914 543 quodh
1928 509 1955 534 in
1973 509 2071 534 itinere

1137 550 1234 578 captus
1252 545 1295 571 vel
1315 545 1432 571 etiamss·
1450 544 1517 569 alio·
1541 543 1741 577 impedimento
1759 543 1889 569 detentus
1908 543 1935 568 in
1953 543 2070 569 termino

1138 587 1300 613 comparere
1312 579 1444 612 nequivit,
1452 583 1516 603 tunc
1527 579 1652 612 protinus
1664 577 1716 603 sibi
1728 577 1801 603 iuxta
1812 577 1929 603 formam
1936 577 2072 604 ecclesiae

1138 613 1304 639 beneficium
1318 613 1403 639 debet
1417 613 1601 638 absolutionis
1614 611 1746 646 impendi.
1783 612 1869 637 Secus
1884 616 1987 644 autem,
2005 611 2027 637 si
2041 620 2072 638 se

1140 652 1333 674 contumacem
1346 647 1519 678 confiteatur,
1533 647 1576 672 vel
1587 646 1654 672 alias
1665 646 1701 672 de
1711 646 1885 672 contumacia
1895 654 1945 672 sua
1955 650 2073 678 constet,

1140 681 1204 714 quia
1217 682 1288 708 forte
1302 681 1478 716 praedixerat
1492 681 1517 706 in
1536 680 1647 711 iudicio,
1666 680 1743 714 quod
1760 680 1873 706 minime
1891 684 2074 714 compareret.

1138 716 1217 741 Tunc
1235 717 1318 748 enim,
1336 724 1421 750 quum
1439 714 1606 741 manifestak
1624 715 1659 740 sit
1677 715 1860 746 contumacia,
1883 718 1910 740 et
1926 714 2074 740 manifesta

1140 755 1282 783 reputetur
1296 750 1412 782 offensa,
1429 758 1484 775 non
1499 754 1541 775 est
1559 749 1595 781 ei,
1613 748 1664 774 nisi
1683 749 1772 782 primo
1790 757 1976 782 expensarum
1993 749 2073 774 satis-

1140 783 1260 810 factione
1279 793 1311 810 ac
1329 785 1365 810 de
1383 784 1483 810 stando
1501 783 1602 809 iudicio
1625 783 1753 808 cautione
1770 783 1912 816 praestita,
1934 783 2074 809 absolutio

1140 818 1337 852 impendenda.
1374 819 1408 844 Et
1422 819 1475 844 hoc
1489 819 1580 852 ipsum
1600 822 1642 844 est
1661 818 1687 843 in
1705 817 1840 843 similibus
1859 817 2074 850 observandum,

1139 851 1210 878 sicut
1232 853 1254 878 si
1271 853 1372 886 aliquis
1389 853 1425 878 ad
1447 857 1554 878 certum
1575 852 1666 878 locum
1684 851 1792 884 citetur,
1814 856 1842 877 et
1863 852 1909 877 ille
1926 856 2074 885 proponat,

1139 886 1243 920 ipsum¹
1260 895 1316 912 non
1333 895 1398 913 esse
1416 887 1467 913 sibi
1486 891 1585 918 tutum,
1607 891 1634 912 et
1651 886 1733 912 iudex
1751 890 1852 920 postea
1868 885 1895 911 in
1913 894 1988 918 eum,
2010 887 2075 920 quia

1139 928 1194 946 non
1205 921 1334 954 probavit
1344 921 1406 953 hoc,
1420 921 1488 947 necT
1499 921 1663 954 comparuit,
1672 921 1841 946 sententiam
1854 921 2074 946 excommunica-

1140 955 1222 980 tionis
1244 956 1410 988 promulget.
1447 956 1518 981 Nam
1541 960 1614 987 tunc,
1637 955 1658 980 si
1681 955 1935 981 excommunicatus
1956 954 2017 988 ipse
2039 954 2076 980 ad

1140 989 1312 1022 superiorem
1325 989 1460 1023 appellet,
1478 994 1505 1016 et
1518 994 1583 1015 ante
1600 989 1693 1015 omnia
1710 997 1740 1015 se
1758 989 1793 1014 ab
1811 997 1845 1015 eo
1863 993 1941 1022 petat
1957 989 2075 1022 absolvi,

1140 1032 1226 1057 quum
1249 1023 1368 1057 probare
1385 1032 1478 1049 coram
1496 1032 1529 1050 eo
1548 1024 1625 1055 velit,
1646 1025 1739 1057 ipsum
1755 1024 1847 1049 locum
1864 1031 1920 1049 non
1942 1023 2076 1050 exsistere

1140 1058 1192 1083 sibi
1207 1062 1305 1090 tutum,
1328 1058 1355 1083 in
1369 1058 1422 1083 hoc
1436 1063 1479 1084 est
1496 1058 1593 1092 procul
1606 1058 1691 1084 dubio
1706 1057 1871 1089 audiendus,
1893 1065 1978 1091 quum
1996 1066 2075 1092 prae-

1139 1096 1251 1126 sumpta
1275 1092 1452 1118 solummodo
1481 1093 1567 1118 eiusm
1592 1092 1767 1118 contumacia
1793 1092 1930 1118 videatur.
1970 1092 2028 1118 Sed
2052 1092 2076 1118 si

1140 1126 1223 1152 iudex
1236 1126 1458 1160 pronunciasset,
1474 1127 1567 1152 locum
1584 1127 1660 1152 illum
1674 1135 1736 1152 esse
1750 1126 1882 1152 idoneum
1895 1130 1923 1152 et
1936 1134 2074 1159 securum,

1140 1165 1167 1186 et
1181 1161 1226 1186 ille
1240 1169 1295 1186 non
1309 1161 1521 1194 comparuisset,
1534 1169 1566 1186 ac
1579 1161 1644 1187 ideo
1658 1161 1927 1187 excommunicasset
1940 1160 2074 1187 eundem:

1140 1195 1200 1228 ipse
1213 1195 1395 1229 postmodum
1409 1203 1493 1229 super
1505 1196 1566 1227 hoc,
1584 1195 1636 1221 nisi
1655 1200 1718 1229 post
1736 1195 1821 1221 latam
1839 1195 2075 1221 interlocutoriam

1139 1229 1210 1255 infra
1234 1229 1403 1255 decendium
1427 1233 1622 1263 provocasset,
1650 1229 1808 1255 nullatenus
1833 1229 1922 1255 audiri
1947 1229 2074 1255 debet8*.

1138 1262 1161 1297 ξ.
1175 1272 1198 1289 2.
1224 1263 1280 1289 Sed
1294 1264 1336 1289 si¹¹
1350 1272 1383 1289 ex
1397 1272 1482 1289 causa
1499 1263 1623 1297 legitima
1640 1272 1690 1289 seu
1708 1263 1846 1297 probabili
1864 1263 1925 1297 quis
1942 1264 2075 1297 appellet,

1140 1303 1209 1332 puta
1223 1298 1288 1332 quia
1300 1298 1377 1324 Iocus
1391 1306 1447 1324 non
1461 1302 1503 1324 est
1521 1302 1606 1330 tutus,
1623 1302 1651 1324 et
1668 1303 1732 1332 post
1750 1298 1969 1333 appellationem
1981 1298 2075 1324 huius-

1140 1410 1188 1434 qua
1210 1403 1272 1426 inter
1292 1402 1459 1434 appellantem
1481 1406 1504 1426 et
1526 1402 1678 1434 appellatum
1695 1402 1860 1426 controversia
1876 1402 1983 1432 vertitur,
2000 1406 2076 1434 agunt

1139 1437 1240 1468 aliquid,
1257 1437 1296 1461 vel
1309 1441 1464 1468 attemptant,
1482 1437 1687 1468 archiepiscopus,
1703 1437 1742 1460 vel
1760 1437 1811 1461 eius
1824 1437 1935 1461 officialis
1948 1437 2075 1461 occasione

1139 1471 1278 1495 huiusmodi
1300 1472 1491 1495 iurisdictionem
1513 1472 1620 1502 aliquam
1642 1479 1690 1494 uon
1713 1472 1850 1501 vendicent,
1875 1479 1919 1495 nec
1941 1475 2072 1496 assumant.

1139 1506 1279 1530 Sententias
1295 1514 1353 1529 vero
1370 1506 1500 1535 interdicti,
1520 1506 1693 1537 suspensionis,
1713 1514 1755 1529 seu
1776 1506 2034 1530 excommunicationis
2051 1507 2076 1530 in

1138 1541 1305 1572 appellantem
1322 1541 1431 1572 prolatas
1447 1541 1478 1564 ab
1496 1549 1532 1569 eo,
1553 1549 1567 1564 a
1584 1548 1633 1571 quo
1650 1540 1802 1571 appellatum
1820 1540 1971 1572 proponitur,
1997 1541 2075 1564 nulla-

1138 1579 1208 1598 tenus
1221 1575 1267 1606 ipsi
1280 1583 1329 1598 non
1342 1575 1435 1598 vocatis
1447 1575 1565 1606 partibus,
1580 1579 1602 1598 et
1616 1575 1647 1598 de
1658 1575 1824 1606 appellatione
1833 1583 1882 1598 non
1895 1575 1994 1605 cognito
2007 1583 2076 1599 revo-

1139 1614 1201 1638 cent,
1218 1614 1259 1633 aut
1272 1610 1419 1633 denuncient
1433 1618 1484 1633 esse
1501 1609 1592 1636 nullas;
1613 1609 1659 1632 nisi
1676 1613 1730 1640 post
1744 1609 1916 1633 inhibitionem
1929 1609 1974 1633 rite
1986 1609 2076 1633 factam

1138 1644 1169 1667 ab
1191 1644 1232 1673 eis,
1254 1652 1284 1667 ne
1306 1644 1447 1675 procederet
1469 1644 1577 1672 ulterius,
1598 1643 1732 1667 exstiterint
1754 1643 1930 1675 promulgatae.
1971 1644 2024 1667 Nec
2045 1644 2077 1668 de

1138 1679 1216 1702 causis
1229 1678 1371 1702 clericorum
1382 1682 1499 1709 tanquam
1510 1679 1609 1705 iudices,
1623 1678 1679 1701 licet
1693 1678 1738 1709 ipsi
1752 1678 1832 1702 clerici
1841 1678 1903 1702 forte
1913 1678 2073 1708 consentiant,

1138 1713 1231 1744 absque
1247 1713 1448 1736 dioecesanorum
1465 1721 1565 1736 suorum
1585 1712 1710 1736 voluntate
1732 1717 1888 1744 cognoscant,
1908 1713 1955 1736 nisi
1976 1713 2077 1736 clericus

1139 1755 1194 1770 cum
1208 1747 1271 1771 laico
1284 1747 1428 1776 contendat;
1445 1747 1523 1778 sitque
1537 1747 1588 1778 ipse
1601 1750 1675 1776 actor,
1692 1747 1768 1771 laicus
1780 1755 1838 1771 vero
1854 1755 1916 1771 reus.
1955 1747 2036 1778 Super
2047 1755 2077 1771 eo

1138 1786 1227 1810 autem,
1244 1782 1309 1812 quod
1328 1781 1525 1813 archiepiscopus
1542 1782 1656 1813 proponit
1675 1782 1727 1810 sibi,
1745 1785 1767 1805 et
1785 1782 1837 1805 eius
1854 1781 1953 1805 officiali
1970 1781 2001 1805 de
2017 1790 2075 1805 con-

1138 1816 1266 1840 suetudine
1276 1816 1376 1847 antiqua
1386 1820 1525 1847 competere
1535 1824 1622 1846 cogere
1635 1816 1745 1839 subditos
1757 1816 1966 1847 suffraganeorum
1978 1824 2076 1840 suorum

1138 1850 1169 1874 ad
1183 1851 1365 1881 exsequendum
1379 1851 1510 1874 sententias
1527 1854 1550 1874 et
1564 1854 1695 1881 praecepta
1705 1850 1763 1879 eius,
1777 1851 1862 1881 suique
1872 1850 1990 1880 officialis»,
2004 1859 2033 1874 ac
2045 1851 2077 1874 ad

1139 1884 1317 1916 perhibendum
1335 1885 1502 1908 testimonium
1515 1885 1539 1907 in
1553 1885 1631 1908 causis
1647 1892 1691 1915 per
1703 1885 1894 1916 appellationem
1911 1885 2033 1908 devolutis
2045 1885 2077 1908 ad

1139 1919 1216 1950 ipsos3
1236 1919 1396 1948 decemimus,
1414 1919 1518 1942 eundem
1535 1919 1746 1950 archiepiscopum
1765 1919 1795 1942 ad
1818 1919 1973 1950 probandam
1993 1919 2076 1943 huius-

1139 1953 1205 1976 modi
1231 1953 1431 1976 consuetudinem
1456 1953 1642 1976 admittendum.
1684 1953 1713 1976 ln
1736 1953 1852 1977 officiales
1873 1961 1972 1985 quoque
1992 1954 2076 1978 suffra-

1138 1995 1273 2017 ganeorum
1290 1987 1437 2018 respondere
1454 1995 1536 2011 coram
1553 1987 1746 2019 archiepiscopo,
1764 1987 1803 2011 vel
1820 1987 1871 2011 eius
1888 1988 1987 2011 officiali
2004 1996 2077 2020 super

1138 2022 1229 2045 delicto
1242 2022 1373 2045 commisso
1385 2022 1417 2045 ab
1434 2030 1463 2045 eo
1477 2022 1500 2045 in
1518 2022 1608 2045 iudicio
1625 2026 1770 2051 recusantes,
1787 2022 1852 2045 idem
1869 2022 2073 2054 archiepiscopus,

1139 2057 1177 2080 vel
1191 2056 1302 2080 officialis
1315 2064 1372 2080 suus
1384 2056 1578 2080 animadvertere
1590 2064 1639 2079 non
1652 2060 1803 2087 praesumam
1824 2056 1882 2088 quia
1894 2057 1924 2080 de
1936 2057 2077 2081 huiusmodi

1139 2091 1190 2114 eius
1207 2090 1336 2119 maleficio,
1356 2091 1395 2114 vel
1412 2091 1510 2119 delicto,
1531 2099 1573 2114 seu
1591 2091 1659 2122 quasi
1681 2090 1812 2114 commisso
1834 2099 1916 2114 coram
1937 2099 1981 2115 suo
1998 2092 2078 2116 iudice

1140 2125 1211 2148 debet
1226 2126 1277 2156 agi:
1296 2133 1340 2148 nec
1353 2125 1374 2148 ei
1389 2129 1488 2156 propter
1501 2125 1591 2148 malam
1609 2125 1763 2154 sententiam,
1780 2133 1821 2149 seu
1835 2125 1947 2156 iniquum
1959 2126 2076 2149 iudicium

1140 2159 1218 2182 forum
1231 2160 1333 2183 alicuius
1343 2159 1429 2183 iudicis
1439 2160 1493 2190 quis
1503 2160 1608 2183 sortitur.
1637 2160 1811 2190 Suffraganeus
1825 2163 1906 2183 autem
1915 2160 1935 2183 si
1948 2160 2077 2191 requisitus

1139 2194 1170 2217 al)
1187 2202 1224 2222 eo,
1241 2194 1282 2225 qui
1303 2198 1432 2225 gravatum
1449 2202 1474 2217 se
1491 2194 1582 2222 asserit,
1599 2194 1650 2218 sive
1668 2194 1761 2218 laesum
1778 2194 1808 2217 de
1825 2194 1861 2217 sui
1879 2194 1990 2218 officialis
2006 2195 2072 2224 dolo,

1140 2229 1177 2252 vel
1189 2228 1309 2252 maleficio
1320 2229 1447 2260 inquirere,
1462 2236 1502 2252 seu
1514 2236 1667 2259 cognoscere,
1684 2229 1792 2252 acilium
1805 2228 1836 2252 ad
1849 2229 1979 2252 emendam
1989 2237 2076 2260 cogere

1140 2263 1256 2293 negligat,
1273 2267 1353 2294 potest
1371 2271 1453 2286 coram
1470 2263 1524 2294 ipso
1542 2263 1734 2294 archiepiscopo,
1750 2263 1790 2286 vel
1806 2263 1858 2286 eius
1870 2263 1969 2286 officiali
1982 2263 2076 2287 ratione

1139 2297 1210 2320 huius
1228 2297 1341 2321 maleficii
1359 2297 1490 2320 conveniri.
1530 2297 1579 2320 Sed
1597 2297 1617 2321 si
1634 2297 1700 2328 prius
1713 2305 1795 2321 coram
1809 2297 1963 2328 suffraganeo
1981 2297 2013 2321 de
2029 2297 2076 2322 hoc

1139 2340 1195 2355 suus
1212 2332 1371 2355 conveniatur
1387 2331 1506 2360 officialis,
1530 2339 1579 2354 non
1596 2335 1677 2363 potest
1694 2332 1852 2363 postmodum
1868 2335 1995 2363 praetextu
2012 2332 2077 2356 illius

1140 2366 1252 2390 maleficii
1266 2367 1297 2389 ad
1316 2366 1432 2389 iudicium
1450 2366 1617 2397 suffraganeus
1635 2366 1687 2397 ipse
1704 2366 1774 2394 trahi,
1800 2366 1851 2389 sive
1866 2366 1936 2390 illurn
1953 2366 2072 2396 absolvat,

1139 2401 1196 2432 quia
1212 2401 1243 2424 de
1260 2400 1350 2424 delicto
1367 2400 1475 2424 eiusdem
1493 2408 1541 2423 non
1560 2404 1595 2424 est
1612 2401 1709 2431 saepius
1724 2400 1903 2432 inquirendum,
1929 2401 1979 2424 sive
1995 2401 2076 2432 ipsum

1139 2435 1294 2463 condemnet,
1310 2443 1386 2466 quum
1403 2435 1427 2458 in
1444 2435 1515 2458 bonis
1532 2435 1597 2458 illius
1614 2435 1643 2458 sit
1661 2435 1692 2458 ad
1709 2435 1877 2458 executionem
1894 2435 2014 2459 sententia
2035 2435 2076 2459 de-

1139 2469 1290 2492 mandanda:
1313 2472 1392 2500 potest
1414 2473 1496 2493 tamen
1518 2469 1550 2492 ab
1571 2469 1625 2500 ipso
1642 2469 1803 2499 suffraganeo,
1823 2469 1842 2492 si
1859 2469 1939 2493 minus
1956 2470 2017 2493 iuste
2033 2470 2076 2493 ab·

1139 2503 1246 2532 solverit,
1263 2503 1389 2535 appellari.
1419 2503 1492 2533 Quod
1503 2503 1521 2526 si
1533 2508 1618 2534 agatur
1627 2504 1657 2527 ad
1672 2504 1851 2527 revocationem
1865 2504 1998 2527 sententiae
2010 2504 2076 2528 latae

1139 2538 1170 2561 ab
1183 2537 1282 2561 officiali
1299 2546 1343 2569 pro
1357 2538 1448 2561 iuribus
1465 2538 1618 2568 suffraganei,
1635 2538 1702 2562 cuius
1719 2537 1831 2561 officialis
1843 2538 1948 2567 exsistit;
1960 2546 2009 2562 non
2023 2538 2075 2570 ipse

1139 2572 1257 2601 officialis,
1274 2572 1316 2596 sed
1331 2573 1411 2603 potius
1425 2572 1489 2596 idem
1503 2573 1669 2603 suffraganeus
1681 2572 1812 2596 defendere
1824 2572 1964 2596 huiusmodi
1977 2580 2074 2596 causam

1138 2607 1226 2635 debet;
1248 2607 1309 2630 sicut
1326 2607 1345 2629 si
1362 2607 1394 2629 ab
1412 2606 1464 2638 ipso
1477 2606 1575 2630 officiali
1593 2615 1637 2638 pro
1650 2607 1698 2630 alia
1714 2615 1818 2638 persona
1831 2610 1945 2630 extranea
1957 2606 2076 2630 sententia

1139 2641 1188 2664 lata
1201 2644 1270 2664 esset.
1312 2641 1386 2664 Unde
1403 2641 1426 2664 in
1445 2641 1491 2664 hoc
1509 2649 1564 2664 casu
1583 2641 1635 2672 ipse
1652 2641 1825 2671 suffraganeus,
1841 2649 1886 2672 pro
1903 2641 1970 2665 cuius
1983 2641 2074 2664 iuribus

1139 2680 1174 2699 est
1192 2675 1288 2706 prolata
1305 2675 1432 2703 sententia,
1450 2683 1525 2706 qutun
1543 2683 1586 2699 sua
1603 2676 1633 2699 sit
1650 2683 1730 2704 causa,
1751 2683 1833 2699 coram
1850 2675 2033 2707 archiepiscopo
2049 2674 2074 2698 in

1140 2710 1255 2734 iudicium
1269 2714 1303 2733 est
1318 2709 1457 2733 trahendus.
1517 2708 1543 2741 b)
1558 2710 1614 2741 ipsi:
1633 2708 1697 2742 oriy.
1753 2708 1775 2741 c)
1791 2710 1836 2733 At:
1854 2708 1887 2734 ib.
1942 2707 1969 2741 d)
1982 2712 2006 2732 et
2019 2727 2024 2732 .
2041 2726 2047 2732 ,
2065 2727 2070 2732 .

1139 2744 1261 2767 officialis:
1280 2743 1311 2768 ib.
1348 2743 1371 2775 e)
1386 2744 1492 2775 prolata:
1511 2743 1542 2768 ih.
1580 2743 1602 2776 f)
1617 2743 1664 2768 fu.:
1683 2743 1762 2767 deest:
1781 2742 1812 2768 ib.
1848 2742 1875 2775 g)
1889 2751 1944 2775 app.
1959 2742 2073 2774 quoniam

1139 2779 1281 2810 priusquam
1298 2778 1397 2810 incipiat
1420 2779 1451 2802 de
1473 2778 1646 2809 appellationis
1663 2786 1735 2802 causa
1751 2778 1872 2809 cognosci,
1890 2777 1982 2801 absolvi
2000 2776 2073 2800 debet

1139 2813 1277 2844 appellans:
1296 2811 1327 2836 ib.
1374 2811 1401 2844 h)
1415 2813 1506 2836 scilicet
1520 2813 1598 2844 quod:
1616 2811 1648 2836 ib.
1697 2811 1714 2844 i)
1728 2813 1800 2836 alias:
1819 2811 1850 2836 ib,
1895 2810 1922 2843 k)
1935 2818 1999 2834 man.
2016 2819 2073 2834 con-

1139 2851 1198 2870 tum.
1224 2847 1322 2870 manif.:
1350 2846 1381 2871 ib.
1456 2846 1474 2878 1)
1493 2847 1545 2878 ipse
1562 2866 1567 2870 .
1589 2865 1594 2871 .
1616 2866 1622 2872 .
1640 2847 1709 2871 illum
1727 2865 1733 2871 .
1755 2865 1760 2871 .
1780 2865 1786 2871 .
1807 2846 1856 2870 iud.
1880 2849 2014 2877 praeterea:
2042 2843 2073 2870 ib.

1139 2880 1173 2912 m)
1188 2881 1273 2913 ipsius:
1293 2879 1324 2905 z'b.
1407 2879 1433 2913 ιι)
1447 2885 1470 2905 et
1483 2881 1513 2905 si:
1526 2880 1557 2905 ih.

1133 3101 1222 3127 4)i1›se:
1237 3102 1255 3122 B
1264 3103 1314 3127 on'q.
1380 3101 1401 3126 5)
1411 3102 1444 3121 est
1454 3101 1534 3126 praefi:
1548 3101 1578 3123 Β,-
1592 3101 1615 3120 in
1625 3099 1706 3125 praefi:
1720 3098 1770 3123 oriff.
1843 3097 1864 3123 6)
1874 3099 1915 3118 εἴη
1931 3097 1998 3119 ‹lcest:
2012 3099 2073 3119 Codd.
