2243 3288
179 192 252 217 LVII

179 269 297 305 Quibus
324 269 467 306 expositis
495 278 656 307 cognosces
688 269 718 297 in
745 269 865 297 edendo
896 268 972 296 libro
994 269 1044 296 VI.
1068 278 1115 296 me

177 317 316 340 conatum
345 311 435 340 fuisse
463 321 499 340 ea
522 318 683 349 praestare,
712 321 789 349 quae
813 311 957 340 sedulitas
984 310 1117 339 omnium

179 363 313 382 meorum
332 360 553 383 antecessorum
572 354 813 392 praetermiserit.

242 397 280 425 Et
295 396 319 425 si
334 396 482 425 inveneris
497 397 672 432 decretales,
688 406 762 434 quas
778 396 993 434 imprimendas
1009 395 1117 430 curavi,

178 439 440 468 emendationibus
468 449 692 477 nonnumquam
716 449 826 474 carere,
854 439 993 467 attendas
1019 439 1118 472 velim,

178 482 299 510 codices
332 492 423 519 saepe
450 492 595 520 perquam
623 482 809 520 negligenter
836 482 960 519 scriptos
988 491 1061 515 esse,
1090 487 1119 509 et

178 525 316 553 meliores
329 530 429 553 textus
443 525 518 553 mihi
538 525 669 553 invenire
688 534 747 553 non
765 525 892 553 licuisse.
920 525 987 552 Hoc
1001 533 1119 561 quoque

177 568 242 596 loco
260 573 370 605 repeto,
394 577 472 605 quae
495 568 555 596 iam
579 568 609 596 in
628 568 793 597 Gratianea
816 577 883 595 mea
903 567 1035 596 editione
1054 576 1119 595 sum

177 610 338 647 praefatus,
357 610 481 639 meliora
499 611 691 648 prosequenti
709 610 873 639 verendum
892 619 966 644 esse,
985 620 1022 638 ne
1041 610 1119 638 bona

180 652 243 690 ipsa
264 653 474 690 impediantur.

460 739 492 767 C.
534 738 833 767 CLEMENTINAE.

208 805 227 830 1.
263 804 315 829 DE
333 804 476 830 INDOLE
495 804 544 829 ET
562 804 729 830 RATIONE
749 804 1084 830 CLEMENTINARUM.

362 863 383 881 1.
421 856 501 888 Quis
522 864 586 889 qua
605 860 720 881 aetate
739 855 940 881 confecerit.

244 909 404 945 Quomodo
418 908 566 937 Clementis
579 909 614 936 V.
631 908 864 938 Constitutiones
879 909 1033 937 confectae
1053 908 1118 943 sint,

180 952 300 980 Ioannis
311 952 403 980 XXII.
414 952 510 986 Bulla,
525 961 654 988 quacum
669 951 911 980 universitatibus
926 951 1119 980 transmissae

181 1000 256 1029 sunt,
289 1004 440 1032 quamque
471 994 606 1023 Editioni
640 1004 726 1022 meae
757 994 954 1031 praemissam
987 994 1119 1022 invenies

181 1038 350 1066 edocemur.
403 1037 524 1065 Etenim
553 1037 694 1066 Clemens
716 1038 751 1065 V.
784 1038 888 1065 mullas
912 1039 1119 1066 constilutzones

181 1090 251 1118 quas
270 1081 299 1108 in
322 1079 446 1108 Concilio
473 1080 621 1108 W'ennensi
637 1082 704 1117 quin
724 1081 805 1108 etiam
825 1084 889 1108 ante
908 1084 932 1108 et
944 1084 1011 1117 post
1029 1081 1119 1117 ipsum

181 1124 326 1152 concilium
359 1124 479 1150 ediderit
513 1124 543 1151 in
575 1133 660 1151 unum
696 1124 821 1151 volumen
853 1124 980 1151 collectas
1012 1124 1121 1150 mittere

179 1167 300 1194 voluisse
321 1165 449 1194 traditur
472 1167 501 1194 in
529 1176 669 1194 commune
691 1166 828 1199 subiectis,
853 1176 937 1203 quum
960 1169 1051 1194 tamen
1075 1176 1120 1193 as-

179 1210 265 1237 sidua
289 1210 432 1245 occupatio
454 1210 531 1236 circa
555 1219 661 1246 magna
684 1219 717 1237 ac
735 1210 822 1237 sortis
844 1209 982 1237 humanae
1000 1209 1120 1237 conditio

181 1262 252 1289 quae
270 1253 360 1288 zpsum
380 1252 412 1279 de
426 1253 513 1280 medio
528 1253 645 1280 sustulit
658 1253 687 1279 in
708 1262 794 1279 causa
803 1251 933 1289 suerint,
950 1255 981 1279 ul
994 1261 1074 1279 suum
1090 1252 1120 1278 in

181 1296 234 1323 hac
247 1297 334 1331 parte
347 1295 525 1331 propositum
544 1305 598 1322 non
614 1295 751 1331 impleret.
789 1295 877 1330 Quae
892 1294 1012 1322 Ioannis
1026 1294 1119 1322 XXII.

180 1338 272 1366 verba
300 1337 510 1365 confirmantur
534 1337 577 1372 iis,
602 1346 679 1374 quae
703 1338 877 1365 Bernardus
898 1335 992 1365 Gw'do
1012 1336 1041 1365 in
1059 1336 1119 1364 vita

180 1380 301 1409 Ioannis
318 1381 411 1408 XXII.
431 1380 576 1417 protulit¹.
606 1380 666 1408 Sed
686 1380 710 1408 si
729 1380 803 1417 quid
826 1380 882 1408 sibi
900 1379 972 1408 velit
990 1379 1120 1408 narratio

181 1423 238 1451 ista
249 1423 409 1460 diligenter
423 1423 596 1457 attenderis,
607 1423 843 1460 haudquaquam
858 1432 967 1460 negare
978 1423 1120 1451 Ioannem

181 1475 293 1503 papam
317 1465 472 1500 concedes,
501 1465 634 1503 singulas
666 1465 745 1494 illius
773 1465 991 1503 compilationis
1020 1465 1120 1494 decre-

181 1509 257 1537 tales
277 1518 293 1536 a
314 1508 470 1537 Clemente
490 1508 554 1546 ipso
567 1510 602 1537 V.
618 1508 678 1536 iam
697 1514 785 1536 antea
804 1508 916 1545 publici
936 1508 1006 1536 iuris
1026 1508 1121 1536 factas

182 1561 256 1586 esse,
285 1557 314 1579 et
336 1560 368 1579 re
390 1560 460 1579 vera
484 1561 507 1579 c.
532 1560 554 1580 1.
574 1550 613 1588 (2,
637 1552 671 1589 1.)
691 1556 720 1579 et
744 1561 766 1579 c.
786 1561 833 1579 un.
853 1550 892 1588 (4,
916 1550 950 1589 1.)
974 1551 1005 1578 in
1023 1556 1121 1579 extra-

181 1594 354 1632 vagantium
383 1594 578 1622 decretalium
610 1593 834 1622 collectionibus
861 1599 1000 1631 receptae
1029 1599 1121 1628 erant,

182 1647 241 1675 quo
267 1637 409 1674 probatur
432 1646 484 1665 eas
508 1637 538 1665 in
566 1636 675 1665 scholis
699 1642 728 1665 et
752 1636 871 1665 iudiciis
896 1642 964 1665 ante
984 1646 1009 1665 a.
1034 1645 1121 1674 1317.

183 1679 337 1709 adhibitas
373 1689 446 1707 esse.
514 1680 575 1708 Sed
610 1679 788 1707 Ptolemaeus
828 1689 947 1716 quoque
983 1679 1122 1708 Lucensis

182 1722 299 1757 tradit&
337 1722 526 1751 Clementem
554 1723 589 1750 V.
628 1722 678 1751 die
709 1722 820 1751 mensis
855 1723 941 1751 Mart.
976 1732 1000 1750 a.
1033 1731 1120 1759 1314.

180 1765 326 1794 Montiliis
360 1774 453 1802 prope
486 1766 732 1802 Carpentoratem
769 1765 917 1802 quasdam
955 1766 1121 1794 decretales

183 1809 278 1837 factas
298 1808 327 1836 in
345 1808 510 1836 Viennensi
530 1808 655 1836 concilio
678 1808 856 1845 publicasse.
906 1807 1035 1842 Quarum
1064 1819 1121 1836 una

171 1852 242 1891 fuit
264 1852 417 1879 declaratio
441 1861 545 1884 eornm,
566 1861 635 1888 quae
654 1852 693 1879 ad
705 1851 911 1888 Imperatorem
925 1852 1122 1888 pertinebant,-

183 1895 261 1922 circa
276 1894 388 1930 Papam
406 1895 540 1928 videlicet,
560 1895 635 1931 quod
650 1898 759 1922 tenetur
777 1895 818 1922 ad
833 1895 1020 1922 iuramentum
1035 1900 1121 1931 prae-

183 1938 314 1965 standum
329 1936 428 1973 Papae
446 1938 477 1964 de
492 1937 660 1965 observando
679 1947 748 1970 enm,
765 1940 790 1965 et
804 1938 894 1974 ipsius
909 1938 994 1970 iura:
1013 1941 1038 1965 et
1055 1940 1122 1965 sunt

184 1981 254 2008 duo:
285 1979 375 2007 Unum
396 1981 471 2016 quod
490 1980 583 2007 debeat
589 1980 703 2017 facere,
723 1983 873 2017 antequam
891 1979 1010 2008 Romam
1028 1981 1122 2008 veniat

184 2027 209 2051 et
235 2022 352 2050 habetur
371 2023 399 2049 in
419 2022 540 2050 Decreto
559 2023 624 2050 dist.
643 2022 771 2050 LXIII.
799 2022 869 2059 Cap.
897 2022 927 2050 T
924 2023 963 2051 zbz'
986 2023 1120 2051 Domino.

184 2065 341 2094 Secundum
366 2067 414 2098 est,
435 2066 545 2101 quando
567 2066 642 2093 venit
662 2065 783 2093 Romam
805 2071 863 2102 pro
887 2076 976 2093 aurea
1000 2075 1122 2098 corona:

184 2109 260 2145 quod
276 2108 384 2145 quidem
404 2109 591 2135 iuramentum
611 2109 767 2136 continetur
781 2109 811 2136 in
824 2108 988 2145 pontificali
1001 2108 1126 2136 Domini

184 2151 292 2187 Papae.
326 2149 454 2178 Secunda
470 2151 628 2178 constitutio
637 2150 714 2187 suit,
731 2151 807 2187 quod
817 2154 884 2187 posl
898 2154 1012 2179 mortem
1022 2151 1122 2188 Papae

184 2196 213 2223 in
230 2195 348 2227 cz'zrnale,
366 2193 414 2221 ubi
429 2196 469 2220 est
487 2194 641 2226 audientia,
650 2193 709 2230 fiat
728 2194 829 2227 electio,
845 2195 874 2221 si
885 2199 964 2230 papa
979 2195 1122 2222 moriatur

183 2241 270 2266 extra
289 2237 377 2264 locum
401 2236 568 2263 audientiae.
618 2235 716 2263 Tertia
729 2236 799 2274 fuit
816 2237 849 2263 de
867 2235 898 2264 S.
922 2236 951 2264 T
947 2237 1072 2271 rinz'tate,
1092 2238 1122 2265 in

185 2290 240 2317 qua
256 2280 296 2316 fit
318 2278 456 2316 consessio
472 2278 554 2316 fidei.
603 2278 715 2312 Quarta
728 2279 798 2317 ficit
820 2279 853 2306 de
871 2281 1043 2308 revocatione
1061 2290 1122 2308 sen-

184 2324 286 2351 tentiae
300 2322 491 2358 Imperatoris
509 2324 608 2349 contra
627 2331 721 2358 regem
740 2321 910 2354 Robertum:
928 2323 979 2350 sed
994 2323 1049 2350 ista
1068 2333 1121 2352 non

174 2367 245 2405 suit
261 2365 351 2403 sacta
379 2365 408 2392 in
435 2363 569 2397 Concilio,
593 2365 644 2391 sed
667 2367 733 2392 tunc
755 2365 866 2401 quando
890 2365 919 2392 in
941 2366 1057 2402 scriptis
1076 2376 1122 2394 re-

184 2409 292 2438 vocavit
310 2417 414 2436 omnem
428 2412 591 2443 processum
600 2407 718 2444 saclmn
732 2412 788 2443 per
802 2407 1008 2444 Imperatorem
1024 2412 1122 2437 contra

184 2451 290 2489 Regem
309 2450 470 2479 Robertum.

236 2519 302 2537 Anno
317 2519 391 2536 nutem
406 2517 533 2535 dominicae
547 2517 709 2535 incarnationis
720 2517 768 2535 131³
780 2517 839 2535 circa

728 190 779 215 DE
798 190 936 216 INDOLE
955 190 1003 215 ET
1022 189 1190 215 RATIONE
1210 189 1544 217 CLEMENTINARUM.

901 2517 934 2535 Ao
944 2517 986 2536 D0.
998 2518 1048 2537 1313
1058 2518 1080 2536 in
1094 2518 1151 2537 festo
1162 2520 1187 2537 B.

2011 193 2101 221 Lvm

1216 270 1294 297 Istae
1310 279 1436 306 quarum
1447 270 1623 298 Ptolemaeus
1638 270 1821 298 mentionem
1837 271 1907 299 fecit
1924 272 2094 300 decretales

1154 311 1183 339 in
1206 312 1465 341 constitutionibus
1487 313 1684 341 Clementiuis
1706 313 1894 350 reperiuntur
1913 324 1959 342 un.
1980 314 2018 351 (2,
2039 316 2094 353 9.);

1158 363 1179 382 1.
1199 354 1238 391 (1,
1259 356 1310 393 3.);
1335 364 1378 392 it).
1399 358 1438 393 (1,
1462 356 1508 393 1.);
1531 364 1556 384 2.
1576 354 1615 392 (2,
1640 356 1703 394 11.).

1219 398 1287 432 Qua
1312 407 1349 426 ex
1374 408 1404 426 re
1428 404 1560 435 apparet,
1590 407 1647 426 non
1666 398 1767 427 omnia
1790 408 1867 435 quae
1901 399 1929 427 in
1959 400 2094 429 Concilio

1162 439 1310 468 Viennensi
1330 446 1440 469 statuta
1469 441 1576 469 suerint
1605 441 1704 469 statim
1732 442 1885 479 publicata
1909 452 1982 476 esse,
2003 443 2094 471 immo

1154 483 1304 519 quaedam
1323 489 1435 520 postca,
1455 484 1508 512 scd
1528 490 1690 521 antequam
1711 484 1739 512 in
1756 484 1961 513 Clementinas
1981 485 2093 523 ingere<

1154 530 1254 553 rentur
1282 526 1310 553 in
1333 526 1486 562 publicum
1510 527 1664 563 prodiisse.
1708 527 1876 555 Decretalis
1903 527 1991 562 enim,
2015 538 2092 565 quae

1155 567 1271 604 incipit:
1308 568 1408 603 Evm‘,
1441 579 1531 605 quam
1563 569 1593 597 in
1621 569 1746 597 concilio
1778 570 1967 598 constitutam
2002 571 2092 599 fuisse

1154 619 1252 638 rerum
1267 617 1417 647 gestarum
1429 611 1586 648 scriptores
1600 613 1748 646 traduut³‚
1759 613 1794 640 II.
1805 613 1880 641 Non.
1891 613 1952 641 Mai
1965 623 1989 641 a.
2006 623 2015 641 1
2024 622 2093 649 312.

1154 654 1267 690 publici
1284 654 1354 681 iuris
1375 654 1452 682 sacta
1467 655 1537 688 θεῖ’,
1553 660 1580 682 et
1601 655 1793 691 scriptoribus
1808 655 1989 692 quibusdam
2003 656 2093 684 Vien-

1155 696 1254 724 nensis
1278 697 1395 724 concilii
1420 697 1541 725 decreta
1570 697 1646 725 adeo
1669 704 1734 725 sunt
1760 704 1837 733 nota,
1866 704 1898 726 ut
1925 699 2092 736 significare

1154 739 1281 773 valeant,
1301 749 1378 776 quae
1398 739 1506 768 iisdem
1526 739 1555 767 in
1572 739 1768 768 Clementinis
1787 741 1914 778 receptis
1931 742 2021 770 verba
2042 742 2092 770 ad-

1155 782 1217 810 dita
1237 782 1303 815 sint,
1323 788 1352 810 et
1371 788 1468 810 utrum
1489 782 1696 810 Clementinae
1716 783 1940 812 constitutiones
1959 785 1999 813 ad
2018 784 2094 813 illud

1156 824 1323 853 Concilium
1345 825 1515 862 pertineant
1538 834 1594 852 nec
1616 834 1661 852 ne.
1706 826 1751 853 Ita
1770 825 1893 854 Ioannes
1912 827 2044 855 Andreas
2064 827 2093 855 in

1154 868 1252 904 glossa
1297 867 1336 895 ad
1377 868 1495 895 Bullam
1535 867 1656 895 Ioannis
1687 868 1779 895 XXII.
1811 869 1901 897 verba
1937 871 1969 898 (le
2005 873 2092 898 celero

1154 919 1257 938 omnes
1277 910 1451 945 decretales,
1471 919 1548 946 quae
1569 910 1624 938 sub
1642 910 1729 938 titulo
1748 910 1785 938 de
1805 911 1955 948 rescriptis
1974 918 2094 941 exstant

1154 959 1220 989 post
1239 953 1412 987 secundam,
1432 958 1461 980 et
1480 953 1511 980 in
1530 953 1572 980 tit.
1593 953 1631 981 de
1651 953 1735 980 elect.
1755 962 1857 981 omnes
1881 960 1947 990 post
1966 955 2093 991 primam

1156 996 1185 1023 in
1205 995 1331 1023 concilio
1350 1001 1476 1023 statutas
1495 1005 1553 1023 non
1577 995 1676 1029 fuisse,
1700 995 1800 1029 tradit,
1825 1001 1854 1023 et
1883 997 1922 1024 ad
1947 998 2019 1034 Cap.
2039 998 2092 1026 Ab·

1154 1039 1228 1066 hales
1243 1039 1282 1075 (1,
1295 1039 1332 1075 2.)
1352 1048 1425 1066 voc:
1453 1037 1516 1065 A'ec
1534 1039 1690 1066 occasione:
1707 1038 1768 1066 Iste
1785 1048 1893 1072 versus,
1915 1039 2017 1076 inquit,
2038 1050 2092 1068 non

1145 1081 1215 1119 ficit
1245 1083 1277 1108 de
1307 1082 1406 1117 prima
1438 1081 1630 1117 compilatione
1662 1081 1782 1115 concilii,
1818 1081 1856 1109 de
1893 1091 1950 1118 quo
1987 1083 2093 1111 eodem

1155 1123 1253 1161 capite
1265 1122 1317 1161 (ad
1326 1133 1400 1151 voe:
1417 1123 1534 1162 Siquis)
1546 1123 1717 1151 Cardinalis
1728 1124 1929 1152 Bertrandust
1943 1125 1988 1152 ln‘c
1998 1135 2092 1161 usqne,

1156 1166 1260 1203 inquit,
1286 1166 1356 1204 suit
1381 1169 1448 1202 post
1478 1165 1633 1194 Concilium
1667 1167 1792 1194 additum
1816 1171 1870 1203 per
1902 1167 1966 1195 illos
1998 1168 2094 1203 qulbus

1155 1210 1225 1236 istae
1261 1209 1468 1237 constitutiones
1505 1209 1533 1236 in
1570 1209 1668 1236 melius
1701 1209 1903 1246 reformandae
1935 1211 2095 1238 commissae

1145 1251 1283 1290 ficerunt.
1341 1251 1418 1279 Unde
1439 1257 1495 1288 per
1521 1252 1571 1279 hoc
1599 1253 1676 1279 dicas
1704 1253 1781 1288 ipsas
1808 1253 1903 1289 ligare
1930 1262 1947 1279 a
1974 1255 2095 1289 tempore

1155 1295 1297 1322 missionis
1320 1295 1429 1322 domini
1447 1293 1568 1322 Ioannis
1591 1294 1697 1330 Papae,
1725 1304 1779 1322 non
1802 1305 1820 1322 a
1843 1298 1963 1331 tempore
1980 1297 2094 1331 primae

1149 1336 1374 1373 publicationisss.
1420 1336 1469 1365 Sic
1496 1346 1554 1364 non
1585 1337 1815 1374 vituperandum
1848 1346 1913 1366 esse
1944 1343 2027 1374 patet
2054 1338 2094 1365 vi-

1155 1389 1220 1408 rum
1243 1379 1294 1416 qui
1316 1378 1454 1407 Guilelmi
1474 1380 1506 1407 de
1524 1379 1678 1417 r’Vangiaco
1699 1380 1879 1408 Chronicam
1903 1380 2094 1414 continuavit,

1156 1432 1248 1459 quum
1268 1422 1371 1451 tradit:
1396 1422 1493 1450 Porro
1508 1424 1562 1450 etsi
1578 1424 1609 1450 de
1627 1424 1755 1459 reliquis,
1769 1427 1873 1451 statum
1891 1424 1935 1451 vel
1952 1423 2095 1461 reforma-

1155 1466 1256 1493 tionem
1288 1466 1416 1493 ecclesiae
1447 1466 1619 1493 universalis
1650 1466 1837 1502 tangentibus,
1871 1467 1946 1502 quod
1979 1467 2093 1494 tertium

1151 1509 1315 1545 principale
1340 1509 1484 1541 intentum,
1513 1509 1610 1545 aliqua
1628 1509 1780 1544 prolocuta
1796 1509 1924 1546 suerint,
1951 1512 1977 1536 et
1999 1519 2094 1537 eorum

1157 1552 1299 1579 ordinatio
1326 1561 1373 1579 seu
1396 1552 1534 1587 provisio,
1562 1561 1609 1579 seu
1637 1552 1737 1579 decisio
1761 1561 1778 1579 a
1795 1552 1938 1588 praelatis
1966 1554 1991 1579 et
2017 1552 2093 1585 aliis,

1157 1604 1276 1631 qnorum
1295 1595 1442 1628 intererat,
1456 1595 1629 1630 priusquam
1652 1592 1807 1621 Concilium
1825 1595 1989 1628 solveretur,
2009 1597 2034 1622 et
2052 1595 2095 1622 in-

1156 1640 1266 1664 stanter
1285 1640 1310 1664 el
1323 1637 1436 1673 pluries
1455 1647 1472 1664 a
1491 1636 1576 1673 Papa
1589 1640 1742 1673 peteretur,
1766 1637 1798 1664 de
1818 1637 1915 1673 quihus
1934 1638 2016 1664 ctiam
2037 1638 2095 1673 lpse

1156 1679 1250 1716 Papa,
1271 1683 1301 1707 ut
1319 1680 1458 1707 dixerunt
1476 1680 1574 1716 aliqui,
1593 1679 1759 1707 Decretales
1784 1680 1928 1716 quasdam,
1942 1682 2094 1716 praetem-a

1160 1722 1379 1751 Constzlutiones
1403 1723 1490 1750 edidit
1512 1726 1537 1749 el
1559 1725 1674 1756 statuta,
1693 1732 1837 1759 nunquam
1861 1726 1952 1750 tamen
1976 1723 2005 1750 in
2023 1723 2095 1750 dicto

1160 1765 1284 1794 Concilio
1297 1765 1429 1804 suerunt
1445 1765 1556 1801 publice
1574 1766 1773 1802 promulgata,
1791 1766 1841 1792 sed
1860 1765 1974 1801 penitus
1993 1766 2094 1792 iudicio

1156 1809 1316 1845 Apostolico
1324 1808 1456 1845 suerunt
1474 1811 1620 1836 reservata
1640 1811 1665 1835 et
1682 1809 1722 1835 ad
1733 1808 1848 1844 plenum
1867 1808 1995 1835 dimissa.

1220 1851 1281 1879 Sed
1300 1851 1420 1879 Ioannis
1444 1850 1500 1878 ista
1522 1851 1610 1878 Bulla
1632 1860 1721 1887 supra
1748 1856 1978 1878 commemorata
2003 1859 2040 1878 ne
2064 1850 2095 1878 id

1156 1894 1280 1931 quidem
1295 1899 1428 1931 negatur,
1448 1893 1672 1921 constitutiones
1691 1893 1896 1922 Clementinas
1911 1893 1941 1920 in
1957 1893 2095 1921 consisto-

1156 1937 1200 1965 rio
1221 1937 1392 1974 publicatas
1416 1941 1445 1964 et
1467 1936 1608 1964 recitatas
1632 1936 1731 1971 fuisse,
1759 1936 1810 1973 qui
1828 1941 1929 1964 tamen
1953 1945 2004 1964 eas
2028 1935 2095 1963 mis-

1157 1990 1205 2008 sas
1234 1980 1325 2008 fuisse
1354 1985 1444 2017 negat
1474 1979 1505 2008 id
1534 1984 1579 2007 est
1600 1979 1791 2008 transmissas
1814 1979 1853 2007 ad
1880 1978 2094 2007 universitates.

1156 2024 1194 2051 Et
1213 2032 1244 2051 re
1263 2032 1332 2050 vera
1352 2031 1455 2050 omnes
1473 2021 1646 2050 recentioris
1666 2021 1773 2050 aetatis
1792 2021 1949 2058 scriptores
1969 2021 2019 2058 qui
2039 2022 2096 2049 hac

1156 2066 1194 2094 de
1218 2075 1249 2094 re
1275 2070 1366 2103 agunt
1394 2065 1589 2099 consentiunt,
1613 2065 1800 2094 Clementem
1826 2073 1872 2093 21.
1895 2065 1989 2092 Mens.
2009 2065 2094 2092 Mart.

1157 2118 1200 2137 ao.
1225 2117 1312 2144 1313.
1334 2108 1363 2135 in
1383 2108 1566 2136 Consistorio
1579 2107 1724 2136 Montiliis
1742 2116 1835 2144 prope
1850 2108 2095 2144 Carpentoratem

1156 2151 1261 2180 habito
1285 2150 1490 2179 Clementinas
1517 2150 1696 2188 publicasse,
1724 2150 1755 2179 id
1780 2150 1860 2187 quod
1883 2150 1972 2178 variis
1995 2159 2095 2177 eorum

1156 2194 1240 2223 libris
1259 2193 1426 2222 confirmari
1449 2193 1574 2228 videtur,
1598 2194 1650 2230 qui
1669 2193 1834 2222 Clementis
1852 2202 1899 2221 res
1917 2198 2016 2230 gestas
2039 2198 2095 2220 tra-

1157 2237 1305 2271 diderant,
1330 2236 1381 2273 qui
1399 2242 1500 2264 tamen
1515 2246 1618 2264 omnes
1636 2246 1689 2274 pro
1708 2245 1767 2264 uno
1788 2236 1848 2263 fere
1868 2235 2000 2263 habendi
2021 2240 2094 2267 sunt,

1157 2290 1249 2317 quum
1260 2280 1334 2308 alter
1349 2279 1475 2307 alterum
1490 2279 1689 2316 exscripserit.
1719 2279 1863 2307 Conferas
1879 2287 1990 2315 quaeso
2004 2278 2093 2305 verba

1157 2333 1268 2357 eorum,
1285 2322 1382 2351 addas
1401 2321 1532 2350 Conradi
1546 2322 1796 2350 Halberstadensis
1812 2330 1889 2358 quae
1903 2320 2043 2349 Bo'lzmerT
2064 2320 2094 2347 in

1158 2366 1291 2394 medium
1314 2364 1444 2402 protulit,
1468 2370 1497 2393 et
1515 2374 1563 2393 me
1582 2370 1661 2393 recte
1682 2364 1830 2393 iudicasse
1859 2373 1945 2401 spero
1971 2368 2000 2391 te
2028 2371 2093 2390 con-

1159 2418 1311 2437 cessurum
1331 2417 1404 2436 esse.

1257 2518 1313 2537 Item
1324 2517 1383 2541 quod
1392 2517 1533 2541 postmodum
1543 2522 1603 2535 anno
1613 2522 1656 2540 quo
1667 2515 1871 2540 supra(1313)X11.'
1908 2515 1972 2533 Anno
1980 2515 2006 2532 1).
2014 2513 2092 2532 eodem

185 2545 252 2564 finem
267 2544 332 2562 huius
347 2543 400 2561 anni
420 2543 443 2561 iu
462 2543 518 2561 sesto
533 2543 555 2560 S.
572 2542 688 2561 Benedicti
703 2539 796 2561 Antiatis
816 2543 839 2560 iu
858 2542 1075 2562 BenedictiAbbatis
1085 2544 1188 2563 scitxn.
1208 2543 1256 2563 Kal.
1267 2544 1356 2567 Aprilis,
1368 2543 1448 2567 quibus
1458 2543 1499 2561 fuit
1508 2543 1588 2561 festum
1600 2542 1621 2561 S.
1633 2542 1748 2561 Benetlivti
1759 2542 1860 2563 Atinatis,
1880 2542 1945 2562 (1311)
1961 2540 1983 2557 iu
2003 2540 2057 2557 festu
2076 2544 2094 2557 s.

185 2574 258 2589 castro
268 2570 295 2588 de
306 2569 415 2588 Montiliis
429 2574 510 2592 proper
520 2569 703 2591 (¹:irpentora1em
718 2568 839 2591 civitatem,
858 2568 907 2586 Kal.
919 2568 990 2592 April.
1001 2569 1024 2588 in
1034 2572 1107 2589 castro
1124 2583 1129 2589 .
1157 2584 1162 2589 .

184 2597 207 2615 iu
217 2602 261 2619 qua.
270 2598 322 2614 tunc
333 2595 396 2613 curia
406 2595 541 2615 morabatur.
553 2594 656 2612 Clemens
667 2594 691 2611 P.
702 2593 754 2611 fecit
764 2599 839 2612 corum

184 2622 246 2641 sein
260 2621 372 2640 auditorio
390 2620 500 2644 publicari
519 2620 690 2638 constitutiones
707 2624 760 2642 quas
780 2619 840 2642 prius
859 2620 992 2639 consistorio

187 2649 269 2667 fecerat
284 2646 391 2666 ordinari.
408 2651 434 2665 ex
449 2646 528 2669 quibus
544 2645 674 2663 decreverat
691 2644 738 2663 fieri
758 2645 839 2663 librum

1196 2570 1279 2588 ¹'dictus
1287 2570 1347 2593 Papa
1358 2569 1468 2588 exsistens
1479 2574 1528 2587 cum
1539 2569 1601 2587 curi-⁷1
1611 2574 1649 2586 sua
1660 2568 1716 2591 apud
1728 2570 1822 2586 castrum
1834 2567 1861 2585 ile
1881 2565 1994 2584 liunt—dicti
2006 2565 2094 2583 abbatis

1196 2586 1316 2614 ‘Montiliis
1331 2595 1428 2613 dioeces.
1444 2594 1550 2613 Aviuion.
1562 2600 1636 2613 coram
1652 2599 1674 2611 su
1690 2594 1713 2611 in
1729 2593 1860 2611 consistorio
1879 2591 1936 2609 xm.
1948 2591 1996 2609 Kal.
2010 2590 2093 2613 Aprilis

1207 2621 1296 2644 publico
1316 2626 1366 2639 suas
1386 2620 1557 2639 constitutiones
1580 2619 1702 2638 decretales
1721 2624 1775 2642 quus
1794 2619 1816 2636 in
1836 2619 1860 2635 t'.
1879 2617 1984 2634 incasti-0
1994 2616 2021 2634 de
2032 2616 2094 2634 Mon-

1207 2647 1331 2666 viennensi
1351 2646 1500 2669 ordinaverat,
1515 2645 1624 2669 publicari
1644 2645 1702 2667 sevit,
1722 2650 1778 2667 qnae
1795 2643 1860 2661 hodie
1879 2642 1983 2664 tiliis,iibi
1996 2644 2048 2660 tnnc
2056 2647 2093 2660 cu-

184 2679 264 2696 nnum,
284 2678 341 2696 quae
363 2672 469 2691 dicuntur
487 2671 658 2689 constitutiones
678 2670 840 2689 s'lementinae.
859 2676 926 2689 unum
943 2676 1009 2695 quem
1024 2671 1111 2690 solebat
1122 2673 1188 2695 septi·
1208 2672 1362 2691 Clementiana
1376 2675 1496 2693 vocantur:
1515 2671 1553 2689 seul
1569 2673 1644 2694 postea
1659 2670 1786 2688 infirmitate
1800 2674 1859 2692 prae-
1879 2667 2092 2691 rinnmrubatunffl.

186 2699 308 2723 coepitque
324 2698 405 2717 exinde
419 2699 542 2721 aegrotare,
558 2696 617 2715 unde
638 2698 687 2719 post
701 2696 756 2715 obiit
773 2696 840 2715 XXX.
853 2702 919 2715 smum
930 2697 1075 2716 decretalium
1082 2698 1188 2721 appellari
1198 2715 1199 2718 ,
1208 2700 1288 2716 ventus
1298 2698 1326 2716 ad
1341 2697 1414 2716 studia
1424 2697 1537 2721 generalia
1548 2702 1587 2720 per
1601 2702 1650 2714 eum
1662 2696 1805 2714 transmissae
1816 2699 1859 2711 nnn
1880 2693 1902 2711 Ρ.
1911 2693 1962 2711 fecit
1973 2693 2093 2711 iuconsist.

185 2725 222 2744 die
232 2724 334 2743 seiLXll.
347 2723 468 2745 Kal.Maii;
479 2725 501 2742 et
511 2723 542 2740 sie
553 2722 723 2741 constitutiones
734 2722 785 2741 ilino
796 2727 840 2740 non
859 2722 917 2741 sieut
927 2723 963 2741 Vl.
975 2723 1104 2742 Bonifatius
1115 2724 1140 2742 Ρ.

185 2751 275 2769 fuerunt
285 2750 366 2768 missae
379 2749 407 2767 nd
422 2749 495 2767 studia
508 2748 623 2772 generalia
636 2750 659 2766 ut
669 2750 701 2765 est
713 2748 788 2769 moriS,
800 2753 840 2766 nec
859 2749 958 2766 tecessor
981 2762 1121 2768 .....

186 2776 301 2799 expositae
316 2775 466 2794 cummuniter
480 2774 507 2792 :ul
523 2774 658 2795 habendum,
674 2773 711 2792 seu
730 2779 840 2792 remanse-
860 2787 865 2792 .
893 2787 898 2792 .
926 2774 1005 2792 xxm.
1016 2774 1051 2793 die
1071 2788 1076 2793 .

186 2804 238 2821 runt
247 2802 278 2820 sic
289 2801 436 2825 quadriennio
452 2801 474 2818 in
488 2805 602 2823 suspenso,
614 2799 686 2817 ‹lonec
700 2799 840 2822 postmodum

185 2833 226 2851 per
234 2832 386 2846 successorem
397 2826 444 2845 cius
454 2826 543 2844 fuerunt
558 2825 683 2849 publicatae
694 2826 715 2842 et
725 2825 765 2843 sul:
781 2825 841 2843 bulla

185 2853 214 2872 ad
224 2853 298 2872 studia
307 2852 422 2877 generalia
431 2852 563 2870 destinatae.
596 2850 636 2869 vita
648 2850 686 2868 111.
698 2849 744 2868 Bal.
756 2852 788 2869 00.
915 2835 957 2856 ΠΜ
967 2837 1005 2857 lv*
1015 2837 1063 2857 Bal·
1073 2840 1106 2858 3⁰·

238 2920 258 2939 1‘»
269 2920 342 2939 Bolus.
354 2921 418 2939 Vitae
428 2920 445 2942 1,
458 2920 512 2938 131:
529 2933 533 2937 .
545 2933 549 2938 .
561 2933 566 2937 .
578 2919 630 2938 fecit
640 2918 748 2942 publii-nri
759 2920 780 2937 ot
790 2923 839 2937 eum
855 2918 915 2937 bulla
924 2919 997 2942 papali
1008 2918 1035 2937 ad
1050 2919 1123 2938 studia

186 2946 300 2970 generalia
314 2946 421 2965 destinari
436 2945 614 2965 constitutiones,
625 2950 678 2968 quus
690 2944 793 2963 muniens
807 2944 965 2967 praedecessor
975 2945 1021 2963 eius
1032 2945 1121 2968 set-erat,

186 2977 243 2995 quae
253 2972 407 2991 Clementiana
417 2974 531 2993 vocantur,
545 2973 565 2989 et
577 2971 674 2989 nondum
687 2970 773 2988 suci-ant
784 2970 811 2988 ad
823 2970 896 2988 studia
905 2970 1019 2993 generalia
1028 2971 1123 2990 destina-

187 2999 230 3021 tae,
241 2997 280 3016 sed
290 3003 358 3021 usqne
369 3000 421 3015 tunc
432 2997 571 3015 steterentin
582 3001 688 3020 suspenso
700 2996 726 3014 cs.
743 2995 782 3014 lita
793 2995 832 3014 111.
842 2995 872 3014 ib.
883 3000 903 3018 ι».
911 2996 954 3014 158.

238 3024 259 3047 2]
270 3022 375 3042 ,iliu-aton*
383 3023 422 3042 SS-
432 3022 469 3046 XI,
482 3023 538 3041 1241.

1151 2729 1188 2742 ιλιι-
1198 2721 1304 2763 imorum,
1315 2723 1353 2742 sed
1364 2723 1395 2741 sie
1410 2723 1536 2746 publicatae
1551 2725 1604 2742 tnnc
1618 2722 1778 2741 remanserunt,
1790 2720 1859 2737 tlnnec
1879 2718 1987 2741 publicari
2010 2719 2092 2737 cousti-

1150 2763 1154 2768 .
1183 2754 1246 2773 „per
1260 2754 1323 2767 sunm
1338 2754 1489 2767 successorem
1509 2748 1636 2767 executioni
1651 2746 1796 2765 ‹lein-nnlatae
1815 2745 1859 2762 t‘ue-
1879 2744 2093 2767 tuti0¹ies,quaspri-

1104 2788 1109 2793 .
1131 2774 1199 2794 liber*
1209 2777 1266 2793 runt.
1276 2785 1301 2788 —
1312 2775 1327 2797 ἦ
1338 2775 1394 2793 1311.
1422 2773 1464 2792 vat«
1476 2774 1511 2793 VI.
1523 2773 1570 2792 Bul.
1583 2775 1625 2791 110,
1641 2778 1696 2796 qnae
1707 2771 1804 2789 nondum
1816 2770 1859 2788 fne-
1879 2775 1903 2788 us
1914 2769 1997 2788 fecerat
2003 2769 2091 2788 ordina-

953 2800 999 2818 sere
1009 2800 1157 2824 quadriennio

1209 2803 1258 2819 rant
1274 2800 1301 2819 ml
1316 2800 1431 2823 generalia
1445 2799 1516 2818 studia
1532 2799 1655 2817 ‹testinata-2
1670 2797 1708 2814 stul
1725 2802 1793 2819 inque
1809 2799 1859 2813 [nuc
1879 2795 1905 2817 ri,
1916 2798 1958 2814 ete.
1973 2795 1997 2814 ul
2012 2796 2033 2813 in
2048 2794 2093 2813 l'u'la

1198 2828 1316 2875 {steterant
1326 2826 1350 2844 in
1361 2830 1475 2849 suspenso.
1504 2825 1543 2844 111.
1558 2823 1599 2842 uta
1610 2823 1654 2842 Iol«.
1666 2822 1731 2841 xxti.
1740 2828 1762 2845 μ.
1774 2822 1817 2840 15ῖ.
1870 2820 2024 2870 Ιὶἔῑῖδὲἔὲιόναᾱ,
2035 2820 2091 2840 Hal-

1209 2918 1230 2939 3'r
1244 2918 1287 2937 vua
1298 2919 1314 2937 1.
1325 2918 1421 2937 elevamur.
1432 2919 1458 2937 Y.
1469 2924 1502 2941 up.
1515 2916 1588 2936 ΙὶιιΙιιΞ.
1600 2916 1614 2934 l.
1625 2922 1642 2934 ι’.
1654 2915 1670 2936 1.
1682 2916 1712 2933 28.

1209 2946 1231 2963 »1¹
1242 2944 1348 2968 Humialrl.
1359 2945 1386 2962 nd
1397 2945 1417 2962 h.
1429 2950 1448 2962 n.
1459 2949 1495 2961 no.
1506 2945 1537 2961 13³.

1210 2970 1230 2989 5l
1242 2970 1344 2988 Brilnfr'us
1354 2970 1406 2988 Vita
1415 2970 1431 2988 Ι.
1442 2970 1486 2987 ost.

1211 2998 1231 3015 ti·
1242 2995 1345 3018 Il'Aclmru
1355 2995 1459 3018 Spu-neg.
1472 2994 1509 3014 111.
1520 2994 1551 3011 ιἰἷι.

1211 3022 1231 3045 Τ)
1243 3020 1287 3040 (ν’(ο.
1299 3021 1337 3039 Lu.
1349 3021 1436 3039 Ilolmnr
1446 3020 1571 3038 obser-vait.
1583 3018 1623 3036 iur.
1635 3022 1683 3037 can.
1694 3017 1827 3042 Goettingie
1839 3016 1897 3041 1¹:¹56)
1907 3022 1928 3041 p.
1938 3018 1971 3037 3¹³.
