2243 3288
131 202 198 231 1241

133 280 244 307 ficiendi
261 285 333 312 sunt,
347 281 432 308 etiam
449 290 500 316 per
517 283 685 309 electionem
702 282 864 308 canonicam
880 285 1067 314 assumuntur,

133 315 280 349 prioratus,
294 315 387 342 officia
399 316 444 342 vel
461 317 717 343 administrationes
731 316 893 347 eorundem,
908 316 1067 349 dignitates,

133 354 310 384 personatus,
324 351 500 384 praebendas
518 352 628 386 aliaque
646 351 835 378 ecclesiastica
852 350 988 376 beneficia
1005 358 1067 376 cum

133 392 199 410 cura
208 384 253 410 vel
266 384 326 410 sine
337 392 411 417 cura,
422 394 589 420 quocunque
600 386 712 412 nomine
723 390 896 417 censeantur,
909 393 981 419 quae
992 385 1066 418 apud

133 418 305 452 praedictam
322 419 421 445 sedem
438 425 539 446 vacant
556 420 591 446 ad
610 428 752 454 praesens,
767 424 795 446 et
812 427 918 444 exnunc
937 419 963 444 in
976 424 1066 451 antea,

133 452 234 484 (donec
249 452 350 479 Christi
365 453 489 487 dignatio
508 463 558 480 nos
576 455 735 487 dignabitur
752 453 917 480 universalis
931 454 1066 479 ecclesiae

133 495 255 520 sponsae
273 495 340 513 suae
358 488 485 521 regimini
505 489 686 523 praesidere,)
705 496 803 514 vacare
826 488 973 520 contigerit
991 488 1066 521 apud

133 529 209 553 eam,
235 521 387 555 provisioni
412 528 526 549 nostrae
550 524 586 549 de
611 523 726 549 fratrum
751 522 925 548 nostrorumT
951 522 1066 548 consilio

132 555 298 582 auctoritate
311 557 466 590 apostolica
479 566 662 584 reservamus.
688 556 856 583 Huiusmodi
867 561 960 582 autem
974 557 1066 589 sedes,

132 591 311 622 monasteria,
325 592 458 618 ecclesias
473 597 500 618 et
513 592 567 618 alia
581 591 706 626 praefata
718 591 855 617 beneficia
868 591 1066 623 ecclesiastica,

131 632 183 658 per
195 629 323 657 mortem,
336 626 380 651 vel
394 626 618 660 depositionem8
635 634 666 652 ac
685 626 869 660 privationem
882 627 1005 657 eorumss,
1019 626 1065 659 qui

132 666 166 684 ea
183 659 351 692 obtinerent,
369 669 419 694 per
440 661 608 687 electionum
629 660 824 692 cassationem,
847 660 1065 694 postulationum

132 693 335 726 repulsionem,
365 695 617 727 renunciationem,
646 694 834 728 quorumlibet
868 695 1065 728 provisionem,

132 727 352 761 translationem,
369 729 428 755 sive
450 738 501 764 per
522 729 759 756 successionem10
776 729 898 755 muneris
921 737 1065 755 consecra-

132 761 214 788 tionis
228 767 275 788 aut
292 763 496 789 benedictionis
515 764 620 789 dudum
637 772 654 789 a
667 763 742 789 dicto
757 763 931 789 Clementem
949 764 1065 797 praede-

131 804 244 823 cessore
265 802 362 823 nostro
384 798 550 832 promotislss
571 798 700 832 impensi,
722 798 775 823 nisi
797 798 831 824 de
854 798 950 831 ipsis¹³
971 798 1064 832 dispo-

131 831 218 856 suerit
246 832 462 865 praedecessor,
487 838 515 858 et
539 841 556 859 a
580 833 661 858 nobis
688 832 748 858 sive
776 833 941 858 auctoritate
970 838 1065 858 nostra

130 866 329 899 promovendis
356 867 537 900 impendendi
563 867 639 901 apud
664 867 762 894 sedem
787 867 887 900 ipsam,
912 867 957 893 vel
980 867 1064 893 etiam

130 899 290 934 ubicunque
315 905 362 926 aut
387 901 485 934 quovis
510 901 564 927 alio
588 901 683 934 modo,
709 902 841 927 canonice
865 910 965 927 vacare
989 901 1065 936 apud

131 934 230 960 sedem
252 935 433 968 intelligimus
455 936 647 969 praelibatam.
683 936 866 970 Episcopales
886 936 1000 969 insuper
1021 936 1065 961 vel

130 968 200 994 alias
226 969 386 1002 dignitates,
413 970 556 1003 ecclesias,
581 971 765 1003 monasteria,
792 975 820 996 et
844 970 898 996 alia
923 970 1065 1004 praedicta

128 1002 245 1028 fratrum
267 1008 426 1030 nostrorum
443 1010 556 1031 sanctae
573 1005 716 1031 Romanae
733 1005 867 1031 ecclesiae
884 1005 1065 1030 cardinalium

130 1037 207 1070 apud
217 1037 320 1064 dictam
331 1039 430 1064 sedem
443 1048 494 1073 per
504 1048 601 1065 eorum
612 1040 718 1065 obitum
729 1048 827 1065 vacare
839 1048 996 1071 censemus,
1007 1039 1065 1065 sive

131 1071 198 1097 inibi
215 1072 275 1098 sive
292 1072 357 1098 aiibi
376 1073 535 1107 ubicunque
553 1074 629 1108 ipsos
647 1074 767 1107 migrare
786 1074 933 1107 contigerit
957 1074 992 1099 de
1014 1074 1066 1099 hac

130 1105 200 1131 luce.
236 1106 272 1132 Et
289 1107 343 1133 hoc
361 1107 435 1134 idem
450 1108 476 1133 in
492 1108 673 1141 dignitatibus
687 1113 715 1134 et
727 1108 870 1134 beneficiis
885 1108 1065 1141 quibuslibet,

131 1140 171 1173 (ut
189 1140 224 1166 de
241 1141 302 1167 aliis
320 1143 555 1175 praemittitur1⁴,)
575 1142 734 1168 officialium
751 1147 920 1174 nostrorum,
933 1142 1064 1168 videlicet

129 1174 358 1208 vicecancellarii,
383 1177 511 1202 eiusdem
541 1177 677 1203 ecclesiae
706 1177 858 1209 camerarii,
884 1177 1065 1209 notariorum,

128 1209 264 1235 auditoris
290 1211 534 1243 contradictarum,
560 1216 757 1243 correctorum,
783 1211 949 1245 scriptorum
974 1211 1065 1237 litera-

128 1252 199 1275 rum,
217 1252 249 1269 ac
267 1245 543 1278 poenitentiariorum
562 1251 729 1277 nostrorum,
747 1254 798 1272 nec
815 1254 871 1271 non
889 1245 1065 1271 abbreviato-

128 1286 191 1303 rum
203 1279 295 1304 curiae
309 1280 452 1306 Romanae
465 1280 557 1305 locum
570 1280 623 1306 sibi
637 1281 765 1306 volumus
779 1280 929 1306 vindicare.
958 1280 1064 1305 Rursus

128 1312 210 1338 huius
224 1318 337 1339 nostrae
350 1314 546 1340 reservationis
558 1314 680 1340 edictum
690 1315 726 1340 ad
739 1315 892 1348 dignitates
903 1320 931 1340 et
943 1314 998 1340 alia
1010 1314 1065 1339 iarn

130 1346 204 1372 dicta
226 1348 435 1381 capellanorum
457 1354 617 1375 nostrorum
635 1349 874 1380 commensalium,
888 1353 915 1374 et
934 1357 1064 1382 quorum-

129 1381 198 1407 libet
215 1382 341 1414 aliorum,
359 1383 466 1409 ratione
488 1383 572 1409 officii
591 1384 634 1409 vel
657 1392 690 1409 ex
707 1392 792 1409 causa
808 1383 933 1416 legitima
951 1383 978 1408 in
992 1383 1065 1408 dicta

128 1416 205 1441 curia
225 1417 403 1449 morantium,
421 1418 533 1451 quando
555 1427 572 1443 a
588 1418 668 1443 nobis
691 1426 741 1452 pro
764 1418 865 1443 nostris
888 1422 917 1443 et
938 1417 1065 1443 eiusdem

128 1450 203 1476 sedis
220 1451 341 1483 negotiis
359 1452 565 1486 prosequendis
580 1453 615 1478 de
633 1452 693 1486 ipsa
708 1453 782 1478 curia
796 1460 966 1486 quocunque
978 1451 1063 1477 modo

128 1485 285 1518 praemissi,
299 1486 343 1511 vel
360 1486 445 1520 aliqui
464 1495 561 1512 eorum
575 1487 739 1519 transmissi,
752 1492 799 1512 aut
816 1486 901 1519 legati
914 1487 958 1512 vel
971 1486 1064 1512 nuncii

129 1518 240 1551 fuerint,
258 1524 285 1545 et
304 1528 352 1546 eos
371 1521 487 1546 ubilibet
505 1525 569 1547 ante
587 1521 711 1555 ipsorum
728 1521 764 1546 ad
786 1521 942 1555 praefatam
960 1521 1064 1546 curiam

127 1553 249 1579 reditum
263 1554 381 1580 durante
398 1555 538 1588 legatione
556 1564 607 1581 seu
625 1556 822 1589 prosecutione
840 1555 964 1589 ipsorum
977 1563 1063 1588 nego-

130 1588 231 1614 tiorum
249 1589 332 1614 rebus
351 1589 433 1615 eximi
451 1590 599 1623 contigerit
616 1590 651 1616 ab
670 1590 807 1622 humanis,
822 1590 950 1615 duximus
968 1594 1063 1616 exten-

129 1622 263 1648 dendum.
299 1624 335 1649 Et
356 1623 385 1649 id
407 1624 498 1658 ipsum
518 1625 603 1650 etiam
624 1633 687 1650 esse
704 1625 832 1650 volumus
855 1625 882 1650 in
903 1624 1063 1650 huiusmodi

128 1657 280 1690 capellanis
307 1659 552 1692 commensalibus,
578 1659 696 1691 etiamsi,
718 1663 747 1685 ut
771 1659 966 1693 praemittitur,
990 1667 1063 1684 nunc

128 1692 284 1717 transmissi
297 1692 398 1719 fuerint
412 1693 579 1727 ubicunque,
594 1698 621 1719 et
634 1694 710 1728 ipsos
724 1694 808 1720 rebus
821 1693 903 1720 eximi
916 1693 1063 1727 contigerit

127 1726 164 1751 ab
187 1726 324 1752 humanis.
362 1727 494 1753 Ceterum
511 1727 635 1754 edictum
652 1728 743 1762 ipsum
760 1728 893 1754 trahimus
911 1728 948 1753 ad
969 1727 1063 1760 sedes,

128 1761 308 1793 monasteria,
325 1766 354 1787 et
375 1762 429 1787 alia
447 1771 531 1796 supra
548 1762 632 1795 dicta,
650 1771 732 1796 quae,
749 1763 861 1789 vivente
878 1762 970 1788 adhuc
988 1762 1062 1787 dicto

130 1795 275 1821 Clemente
293 1796 512 1829 praedecessore
530 1802 635 1829 nostro,
649 1805 739 1831 usque
753 1797 790 1823 ad
807 1798 866 1823 eius
881 1797 997 1828 obitum,
1010 1796 1063 1822 nisi

130 1829 165 1855 de
179 1830 246 1863 ipsis
260 1838 310 1864 per
321 1839 384 1856 eum
395 1831 477 1857 fuerit
487 1831 653 1864 ordinatum,
664 1836 692 1858 et
704 1832 807 1858 deinde
817 1840 905 1865 usque
918 1831 955 1857 ad
968 1831 1063 1857 datam

128 1866 318 1898 praesentium
331 1865 406 1899 apud
420 1866 518 1892 sedern
531 1866 691 1892 vacaverint
707 1867 836 1899 eandem,
849 1866 952 1900 illaque
964 1874 1064 1891 vacare

129 1898 305 1924 decernimus
322 1900 396 1933 apud
414 1900 514 1934 ipsam,
527 1900 680 1926 dummodo
698 1901 726 1926 in
743 1901 783 1927 eis
801 1901 843 1926 ius
857 1901 884 1926 in
897 1909 936 1932 re,
949 1901 1013 1926 licet
1027 1900 1063 1926 ad

127 1941 187 1958 rem
199 1941 255 1958 non
269 1934 304 1959 sit
317 1934 456 1968 aliquibus
473 1935 651 1969 acquisitum,
665 1935 841 1961 decernimus
848 1935 871 1953 15
887 1939 988 1961 extunc
1005 1935 1062 1960 irri-

128 1972 187 1993 tum
200 1972 228 1993 et
241 1968 331 2000 inane,
342 1969 365 1994 si
376 1977 456 1995 secus
468 1969 495 1994 in
508 1969 658 2003 praedictis
670 1974 697 1995 et
708 1970 823 2003 singulis
835 1978 933 1996 eorum
943 1969 1063 1995 scienter

128 2003 173 2028 vel
191 2002 352 2035 ignoranter
369 2012 419 2037 per
436 2012 621 2037 quaecunque
639 2012 689 2030 seu
706 2012 889 2038 quoscunque
907 2004 1063 2037 apostolica

128 2037 173 2062 vel
190 2036 244 2062 alia
262 2037 359 2070 quavis
377 2038 542 2064 auctoritate
559 2042 725 2064 attentatum
743 2038 835 2070 fuerit,
853 2038 898 2064 vel
915 2038 1063 2071 contigerit

128 2072 156 2097 in
181 2076 325 2105 posterum
349 2073 488 2104 attentari,
510 2081 566 2098 non
590 2073 767 2098 obstantibus
792 2073 856 2106 piae
880 2072 1064 2098 memoriaeffi

129 2106 257 2139 Gregorii
268 2106 313 2138 X„
323 2115 356 2132 ac
366 2107 501 2132 Bonifacii
512 2107 591 2139 VIII.,
601 2112 629 2134 et
642 2107 759 2133 aliorum
768 2107 957 2133 Romanorum
971 2107 1062 2133 Ponti-

128 2141 211 2166 ficum
224 2141 476 2174 praedecessorum
486 2146 645 2167 nostrorum
655 2141 901 2167 constitutionibus
912 2150 997 2175 super
1009 2142 1062 2167 hoc

127 2175 219 2207 editis,
234 2180 373 2208 quatenus
387 2176 479 2201 edicto
497 2181 592 2202 essent
606 2176 662 2202 et17
680 2180 744 2202 sunt
757 2176 940 2202 contrariaeffi
956 2184 1062 2202 memo-

126 2215 196 2241 rato,
210 2209 310 2235 ceteris
324 2211 350 2235 in
365 2210 432 2244 ipsis
446 2210 690 2237 constitutionibus
704 2211 842 2236 contentis
856 2211 883 2236 in
897 2219 947 2236 suo
961 2211 1062 2236 robore

127 2245 303 2270 duraturisw.
341 2245 492 2270 Pensiones
510 2245 625 2279 insuper
642 2253 757 2276 annuas,
771 2245 806 2270 ab
820 2245 961 2279 episcopis
974 2250 1002 2271 et
1016 2254 1062 2271 eo-

127 2288 187 2305 rum
210 2279 400 2312 superioribus
422 2279 540 2313 aliisque
565 2279 696 2313 praelatis
722 2279 908 2312 inferioribus,
930 2287 982 2305 nec
1007 2288 1063 2305 non

128 2314 340 2347 quibuscunque
354 2313 514 2347 capellanis,
529 2314 722 2346 conventibus,
736 2314 861 2347 collegiis
879 2314 923 2340 vel
941 2314 1062 2347 singula-

127 2349 203 2374 ribus
222 2348 349 2381 personis
368 2348 455 2373 factas
473 2353 501 2374 et
523 2347 665 2374 faciendas
687 2349 872 2382 personaliter
894 2348 1064 2382 aliquibusw

127 2392 160 2409 ex
175 2382 282 2408 eisdem
295 2382 491 2414 cardinalibus,
502 2391 551 2409 seu
563 2383 707 2416 quibusvis
721 2383 782 2408 aliis
795 2391 829 2408 ex
842 2383 1062 2416 praenominatis

127 2417 265 2452 personis,
279 2421 305 2442 et
320 2416 471 2450 pensiones
486 2418 660 2451 praeterea²1
674 2425 723 2443 seu
736 2417 940 2451 assignationes
955 2417 1062 2451 quanti-

127 2458 215 2478 tatum
234 2451 431 2485 quarumlibet,
444 2460 529 2485 super
543 2451 626 2477 certis
644 2451 804 2485 provinciis,
818 2451 1005 2483 dioecesibus,
1019 2460 1062 2477 ec-

128 2486 229 2517 clesiis,
240 2486 416 2511 monasteriis
427 2486 471 2512 vel
484 2486 544 2511 aliis
556 2486 753 2512 ecclesiasticis
767 2486 835 2512 locis
848 2491 895 2511 aut
909 2486 1062 2518 ordinibus,

126 2521 212 2547 etiam
224 2529 241 2546 a
254 2520 398 2554 quibusvis
416 2520 684 2554 praedecessoribus
702 2520 804 2546 nostris
818 2520 952 2546 Romanis
970 2521 1062 2546 Ponti-

127 2555 225 2581 ficibus
239 2555 336 2587 factas,
351 2555 512 2588 praemissis
530 2555 658 2588 personis
672 2555 731 2581 sive
749 2555 829 2580 alicui
843 2555 1005 2586 earundem,
1018 2555 1063 2581 vel

126 2590 304 2621 monasteria,
323 2589 471 2623 prioratus,
485 2589 742 2615 administrationes
761 2589 910 2623 quaslibet,
927 2589 1063 2615 beneficia

124 2624 273 2657 regularia,
287 2624 331 2650 vel
343 2624 397 2650 alia
414 2623 564 2657 quaelibet,
578 2632 746 2657 quocunque
760 2624 872 2649 nomine
886 2628 1061 2656 censeantur,

125 2668 182 2685 non
196 2663 330 2684 consueta
343 2658 378 2684 ab
396 2658 462 2683 olirn
480 2658 589 2684 clericis
607 2658 797 2684 saecularibus
811 2658 956 2691 assignari,
969 2658 1062 2684 huius-

126 2693 203 2720 modi
221 2692 348 2727 personis
366 2693 411 2718 vel
429 2692 509 2718 alicui
528 2692 680 2719 earundem
695 2692 795 2718 collata
813 2692 871 2718 sive
888 2700 1022 2719 concessa
1035 2693 1063 2719 in

126 2727 331 2759 commendam,
349 2727 394 2753 vel
411 2726 465 2752 aiio
484 2727 583 2760 quovis
605 2727 685 2753 titulo
707 2727 743 2753 ab
766 2727 874 2753 eisdem
896 2727 1062 2761 praedeces-

126 2763 236 2789 soribus
251 2770 300 2788 seu
314 2761 374 2788 aliis
388 2761 530 2796 episcopis
537 2762 560 2779 ²²
572 2761 618 2788 vel
631 2761 822 2796 superioribus
836 2761 978 2795 praelatis,
989 2762 1062 2797 capi-

176 2868 229 2887 Tit.
243 2867 282 2886 HI.
311 2867 371 2890 Cap.
387 2866 424 2886 lv.
461 2865 481 2889 7)
492 2865 625 2884 eomudem:
639 2865 665 2884 ι’[ι.
722 2865 743 2889 8)
754 2871 793 2890 per
803 2866 889 2890 depos:
904 2866 930 2885 ib.
983 2866 1004 2891 9)
1015 2867 1063 2886 iilo-

124 2899 185 2913 rum:
201 2894 227 2912 ιἸ).
294 2894 326 2912 10)
337 2891 446 2916 quorund.
459 2892 558 2910 translat.
569 2892 616 2911 sive
626 2897 665 2915 per
675 2892 851 2916 susceptionem:
866 2892 892 2911 ih.
959 2892 992 2916 11)
1003 2892 1063 2912 mla..-

123 2925 191 2944 papm
206 2919 233 2938 1¹11.
299 2921 331 2938 1:51
343 2923 425 2942 prom.:
439 2917 506 2936 dccst:
520 2917 547 2936 ib.
614 2918 647 2939 13)
658 2918 699 2941 ips.
709 2918 765 2936 alins
775 2918 847 2936 idem:
863 2918 889 2937 ib.
956 2917 989 2941 14)
999 2924 1025 2938 ae
1035 2919 1063 2938 de

123 2946 160 2968 al.v
172 2948 195 2965 ut
205 2950 301 2970 praeut:
317 2945 343 2963 ib.
416 2944 447 2967 15)
459 2944 617 2962 decernentes:
632 2943 659 2963 ile.
731 2943 764 2965 lu)
774 2949 840 2962 memr
851 2944 961 2963 Clement.
972 2945 1022 2964 1v.:
1036 2944 1062 2964 1⁴11.

123 2971 157 2994 17)
167 2977 210 2991 ess.
222 2973 254 2990 et:
268 2970 338 2990 deest:
352 2968 387 2988 Al>
446 2970 478 2988 18)
489 2970 580 2988 obviae:
595 2969 611 2987 A
669 2969 701 2991 19)
713 2968 801 2988 hocloco
812 2970 833 2987 ιἰι
844 2969 859 2988 ,i
870 2970 983 2989 inseritur:
998 2970 1062 2993 Quod

122 2997 152 3016 ad
161 2997 305 3021 praelaturas,
317 2997 435 3020 prioratus.
447 2995 653 3014 administrationes
663 2995 719 3014 alim
729 2997 751 3014 et
761 2995 806 3014 ulia
816 2996 907 3019 quaevis
919 2995 999 3019 officia,
1010 3001 1062 3020 quo-

121 3028 209 3047 eunque
224 3023 314 3041 nomine
329 3024 470 3045 censeantur,
486 3021 629 3041 cisterciens.
645 3022 667 3040 et
686 3021 781 3040 aliorum
800 3021 893 3040 fratrum
913 3021 1017 3041 ordinum
1036 3028 1062 3042 nc

119 3049 315 3073 monasteriorum,
331 3047 448 3068 domorum
464 3049 486 3067 et
500 3047 601 3067 locorum
615 3047 773 3072 religiosorum
783 3047 807 3067 in
817 3047 898 3073 quibus
914 3053 1023 3072 personae
1033 3048 1062 3068 ad

428 204 647 232 EXTRAVAG.
667 203 841 232 COMMUN.
858 203 925 230 LIB.
943 203 963 230 Ι.
981 201 1052 229 TIT.
1070 202 1175 229 III-V.
1194 202 1246 228 DE
1267 201 1412 229 OFFICIO
1432 201 1626 229 CUSTODIS.
1645 209 1668 228 c.
1687 210 1734 228 un.

1974 201 2041 227 1242

1103 281 1167 306 tulis
1193 284 1240 306 aut
1267 280 1449 306 conventibus
1475 280 1519 306 vel
1544 279 1670 312 collegiis
1696 279 1748 305 sub
1773 278 1866 305 edicto
1891 277 2037 312 praedicto

1103 316 1230 341 nolumus
1241 314 1418 348 aliquatenus
1429 314 1642 348 comprehendi,
1654 322 1708 347 quo
1720 313 1810 339 minus
1821 314 1862 339 eis
1873 312 2038 339 cedentibus

1103 350 1145 376 vel
1165 349 1376 381 decedentibus,
1390 349 1449 375 sive
1468 349 1513 374 illa
1531 349 1628 383 quovis
1647 348 1701 374 aiio
1719 348 1805 374 modo
1823 347 2037 380 dimittentibus,

1102 384 1272 410 monasteria
1297 384 1366 417 ipsa,
1409 384 1536 415 rioratus,
1558 383 1822 415 administrationes,
1844 381 1981 408 beneficia
2004 389 2037 407 ac

1103 419 1163 444 loca
1185 418 1344 443 huiusmodi
1364 426 1379 443 a
1421 418 1553 444 ecclesias
1575 422 1603 443 et
1625 417 1804 450 monasteria,
1822 416 1881 442 sive
1899 416 1954 442 alia
1975 416 2037 442 loca

1102 452 1233 485 religiosa
1245 453 1289 478 vel
1302 452 1356 478 alia
1369 452 1568 484 ecclesiastica,
1582 460 1735 485 eorumque
1749 451 1890 485 praelatos
1904 450 1962 476 sive
1974 458 2036 488 per-

1102 496 1194 519 sonas,
1205 486 1240 512 ad
1255 495 1323 520 quas
1334 491 1416 512 antea
1427 494 1523 512 eorum
1534 486 1682 520 dispositio
1696 486 1864 520 pertinebat,
1875 493 1924 511 seu
1935 485 2036 518 quibus

1103 521 1262 547 immediate
1284 521 1402 546 subesse
1424 525 1585 552 noscuntur,
1607 520 1694 546 libere
1716 525 1899 552 revertantur,
1921 519 1973 544 nisi
1995 519 2036 545 eis

1103 555 1200 589 quid2¹³
1222 555 1385 581 canonicum
1408 555 1556 588 obstiterit,
1573 555 1617 581 vel
1636 554 1671 581 de
1689 555 1757 589 ipsis
1775 554 1855 581 aliter
1876 553 2036 580 duxerimus

1102 589 1318 624 disponendum.

1413 694 1640 723 TITULUS
1672 695 1723 722 IV.

1197 753 1253 778 DE
1276 752 1588 779 AUCTORITATE
1611 752 1664 778 ET
1688 752 1771 778 USU
1794 751 1939 777 PALLII.

1491 821 1564 841 CAP.
1580 820 1647 841 [ΙΝ-1

1100 857 1166 876 Pallii
1182 856 1273 875 traditio
1284 861 1323 880 por
1333 856 1444 875 obiectum
1460 856 1561 875 criminis
1571 856 1607 874 vel
1622 855 1722 875 defectus
1736 856 1845 874 retardari
1855 861 1901 874 non
1911 856 1984 879 debet,
1995 855 2039 875 nisi

1101 883 1211 902 obiit-iens
1221 882 1342 907 praemisso
1353 883 1479 900 iuramento
1490 881 1518 900 de
1528 882 1623 900 obiectis
1632 884 1758 905 promptam
1768 882 1835 901 fidem
1845 882 1919 902 faeiat.
1938 882 1973 906 Et,
1985 881 2038 906 quid

1343 908 1372 926 sit
1381 909 1506 932 promptam
1516 907 1583 926 fidem
1594 907 1674 932 facere,
1685 907 1791 927 declarat.

1443 954 1588 980 Ioannes
1606 954 1693 980 XXII.

1168 997 1282 1023 Malitiis
1300 997 1454 1029 hominum,
1469 1005 1541 1030 quae
1555 1005 1641 1030 saepe
1654 997 1727 1022 circa
1739 996 1949 1030 impediendam
1962 997 2039 1031 pallii

1102 1031 1283 1057 donationem
1301 1031 1520 1063 committuntur,
1534 1031 1661 1057 volentes
1679 1031 1829 1057 salubriter
1846 1031 1969 1063 obviare,
1987 1032 2039 1057 hac

1101 1067 1129 1091 in
1146 1070 1313 1100 perpetuum
1330 1066 1448 1091 valitura
1465 1065 1666 1091 constitutione
1687 1065 1836 1097 sancimus,
1854 1070 1884 1090 ut
1905 1065 2038 1099 deinceps

1101 1109 1152 1134 per
1169 1100 1310 1126 obiectum
1327 1100 1448 1126 cuiusvis
1467 1099 1588 1125 criminis
1606 1108 1656 1126 seu
1674 1099 1802 1125 defectus
1820 1099 1932 1125 traditio
1953 1100 2038 1134 pallii,

1102 1134 1230 1160 facienda
1242 1135 1294 1167 his,
1309 1135 1356 1168 qui
1369 1134 1405 1159 ad
1418 1134 1697 1168 metropolitanarum
1715 1134 1898 1160 ecclesiarum
1911 1142 1961 1160 seu
1974 1134 2039 1160 alia-

1102 1177 1163 1194 rum
1184 1169 1311 1202 regimen
1334 1173 1522 1200 assumuntur,
1544 1176 1600 1193 non
1625 1168 1794 1202 impediatur
1814 1169 1843 1194 in
1866 1168 1960 1202 aliquo
1986 1177 2038 1195 nec

1102 1203 1274 1234 retardetur;
1295 1203 1347 1228 nisi
1366 1202 1530 1229 obiicientes
1544 1202 1655 1229 firment
1668 1203 1806 1236 corporali
1819 1204 1954 1237 praestito
1968 1202 2039 1229 iura-

1099 1242 1205 1269 mento,
1219 1245 1249 1263 se
1266 1237 1295 1262 id
1312 1237 1452 1263 malitiose
1469 1245 1524 1262 non
1542 1245 1636 1270 agere,
1650 1237 1701 1263 sed
1719 1237 1829 1263 obiecta
1846 1245 1912 1263 vera
1930 1245 1994 1264 esse
2007 1246 2038 1263 se

1101 1272 1226 1303 credere,
1240 1280 1272 1297 ac
1290 1271 1326 1297 de
1344 1271 1461 1297 obiectis
1479 1271 1598 1297 offerant
1615 1271 1708 1297 facere
1725 1276 1885 1305 promptam
1903 1271 1996 1304 fidem,
2010 1276 2038 1298 et

1100 1306 1279 1331 nihilominus
1293 1306 1329 1331 ad
1347 1314 1469 1340 poenam
1487 1306 1597 1331 talionis
1615 1314 1665 1331 seu
1682 1306 1931 1332 extraordinariam
1945 1314 1975 1332 se
1989 1307 2038 1332 ob-

1100 1340 1187 1374 ligent
1209 1340 1324 1366 arbitrio
1346 1340 1542 1374 praesidentis.
1583 1341 1746 1374 Promptam
1762 1349 1830 1366 vero
1852 1340 1938 1366 fidem
1958 1340 2038 1366 intel-

1100 1375 1210 1408 ligimus
1229 1374 1256 1400 in
1277 1375 1330 1400 hoc
1348 1383 1423 1406 casu,
1441 1374 1464 1400 si
1484 1374 1572 1400 intra?
1590 1374 1732 1400 bimestris
1751 1375 1886 1408 temporis
1906 1374 2037 1408 spatium,

1099 1409 1303 1435 numerandum
1316 1418 1333 1434 a
1344 1409 1389 1434 die
1402 1409 1558 1434 collationis
1573 1409 1601 1434 in
1615 1413 1706 1441 antea,
1720 1409 1899 1443 probaverint
1913 1409 2037 1443 legitime

1100 1443 1177 1477 quod
1199 1448 1355 1477 opponunt.
1393 1443 1475 1476 Quod
1496 1443 1519 1468 si
1541 1451 1599 1469 non
1616 1443 1742 1476 fecerint,
1760 1452 1858 1469 eorum
1880 1443 2037 1470 obiectibus

1098 1486 1279 1512 nequaquam
1295 1478 1472 1503 obstantibus
1490 1477 1527 1503 ad
1544 1478 1631 1511 ipsius
1649 1477 1828 1504 traditionem
1844 1478 1920 1511 pallii
1939 1486 2036 1511 proce-

1100 1512 1190 1538 datur.
1226 1513 1279 1538 Per
1292 1512 1471 1538 traditionem
1484 1515 1578 1538 autem
1591 1512 1752 1538 huiusmodi
1764 1512 1827 1538 viae
1839 1512 2036 1545 accusationis,

1099 1546 1321 1585 denunciationis
1343 1547 1388 1573 vel
1410 1546 1597 1580 inquisitionis
1619 1547 1726 1573 nullum
1746 1547 1874 1573 volumus
1897 1546 2036 1582 praeiudi-

1100 1590 1173 1607 crum
1185 1589 1322 1615 generari.

1425 1686 1651 1716 TITULUS
1678 1687 1714 1715 V.

1310 1744 1367 1770 DE
1397 1744 1567 1771 OFFICIO
1599 1744 1822 1772 CUSTODIS.

1495 1813 1568 1834 CAP.
1583 1814 1636 1834 UN.

1098 1848 1124 1867 In
1135 1848 1291 1872 religiosorum
1305 1848 1483 1867 mendicantium
1494 1849 1643 1868 conventibus
1657 1849 1732 1873 plures
1743 1855 1864 1874 campanae
1874 1855 1922 1870 esse
1931 1856 1978 1870 non
1992 1856 2041 1875 pos-

1098 1876 1150 1893 sunt
1163 1874 1211 1893 sine
1225 1874 1317 1898 speciali
1332 1874 1406 1898 Papae
1422 1874 1526 1898 licentiam
1540 1875 1615 1899 piures
1628 1877 1704 1894 autem
1715 1876 1858 1899 campanulas
1873 1877 1896 1895 in
1907 1877 2039 1900 refectoriis,

1099 1900 1202 1924 capitulis
1213 1902 1235 1918 et
1245 1900 1300 1919 alibi
1314 1900 1376 1919 licite
1390 1902 1483 1923 possunt
1497 1901 1539 1924 ipsi
1554 1901 1654 1925 religiosi
1664 1901 1819 1921 mendicantes
1829 1902 1919 1922 habere.
1946 1903 1974 1922 Η.
1985 1903 2006 1922 d.
2017 1905 2040 1922 et

1099 1928 1133 1945 est
1143 1928 1291 1949 extravagans
1301 1926 1414 1949 notabilis,
1431 1928 1453 1945 et
1463 1927 1516 1950 quia
1525 1927 1614 1950 pulsare
1625 1932 1744 1951 campanas
1755 1929 1788 1946 est
1799 1928 1896 1947 custodis
1910 1928 2038 1954 officicium,

1179 1952 1203 1970 ut
1212 1953 1273 1975 patet
1283 1951 1332 1971 eod.
1343 1952 1376 1970 tit.
1388 1958 1406 1971 c.
1418 1953 1436 1971 1.
1447 1952 1472 1971 iu
1482 1954 1536 1977 ant„
1546 1953 1598 1972 ideo
1608 1952 1645 1972 hie
1655 1958 1702 1972 non
1711 1953 1752 1973 abs
1762 1959 1785 1973 re
1796 1954 1907 1974 collocata
1916 1956 1956 1975 est.

1441 1999 1586 2025 Ioannes
1605 1999 1692 2026 XXII.

1167 2040 1240 2073 Quia
1265 2044 1380 2066 cunctos
1410 2041 1585 2068 orthodoxae
1609 2041 1676 2068 fidei
1700 2041 1887 2076 professores,
1911 2047 1940 2070 et
1963 2044 2038 2070 viros

1098 2074 1264 2108 praesertim
1281 2075 1489 2101 ecclesiasticos
1509 2076 1549 2102 sic
1567 2076 1710 2102 hortamur
1727 2077 1884 2104 adinvicem
1897 2083 1926 2104 et
1943 2079 2038 2112 quoad

1098 2109 1167 2134 alios
1181 2109 1266 2135 etiam
1279 2109 1447 2141 conversari,
1458 2110 1535 2143 quod
1548 2118 1582 2136 ex
1596 2110 1723 2144 ipsorum
1735 2112 1823 2145 gestis
1836 2112 1936 2138 nullius
1950 2112 2037 2139 often-

1099 2143 1180 2169 datur
1202 2143 1315 2176 iustitia,
1334 2152 1385 2170 nec
1407 2144 1538 2178 cuiquam
1558 2145 1684 2171 scandali
1706 2146 1824 2172 materia
1841 2152 2036 2181 praeparetur:

1098 2177 1287 2210 advertentes,
1312 2178 1388 2211 quod
1410 2186 1458 2211 eo,
1481 2179 1558 2212 quod
1579 2180 1703 2206 nonnulli
1726 2181 1947 2207 mendicantium
1964 2182 2037 2208 ordi-

1098 2220 1163 2238 num
1180 2212 1356 2246 professores
1373 2213 1400 2238 in
1418 2213 1556 2239 nonnullis
1575 2214 1632 2240 suis
1650 2215 1833 2241 conventibus
1851 2216 1944 2249 plures
1962 2224 2035 2243 cam-

1099 2254 1185 2280 panas
1206 2246 1342 2279 obtinent,
1363 2251 1392 2273 et
1417 2247 1444 2273 in
1466 2252 1610 2282 posterum
1631 2253 1763 2283 satagunt
1784 2249 1920 2283 obtinere,
1943 2251 2036 2277 cathe-

1099 2280 1191 2307 drales
1209 2289 1242 2307 ac
1259 2281 1395 2319 ecclesiae
1412 2282 1484 2308 aliae
1502 2291 1570 2308 suae
1583 2288 1738 2316 queruntur
1752 2289 1902 2318 propterea
1914 2285 2036 2312 iustitiae

1099 2315 1218 2347 detrahi,
1229 2320 1257 2341 et
1267 2315 1368 2342 exinde
1378 2316 1536 2343 civitatibus
1547 2317 1672 2343 locorum
1683 2318 1823 2344 interdum
1833 2319 1924 2345 afferri
1936 2319 2035 2346 divinis

1099 2349 1197 2375 officiis
1211 2349 1452 2383 impedimentum,
1462 2351 1629 2386 videturque
1639 2352 1711 2379 inter
1721 2353 1799 2387 ipsos
1812 2353 1906 2387 litigiis
1919 2358 1947 2380 et
1956 2362 2034 2380 scan-

1099 2384 1169 2409 dalis
1179 2384 1225 2410 via
1236 2384 1351 2418 aperiri:
1365 2393 1426 2417 nos,
1436 2386 1599 2419 praemissis
1611 2387 1725 2414 obviare
1735 2387 1880 2422 cupientes
1894 2388 2035 2422 periculis,

1099 2426 1256 2452 pacemque
1278 2418 1472 2446 desiderantes
1497 2420 1568 2447 inter
1588 2421 1674 2455 ipsos,
1697 2421 1757 2448 sine
1782 2430 1837 2456 qua
1860 2422 1933 2449 bene
1957 2423 2035 2457 pacis

1098 2457 1194 2478 auctor
1207 2461 1262 2478 non
1276 2453 1384 2486 colitur,
1397 2454 1550 2487 observari,
1563 2455 1600 2482 de
1618 2455 1734 2482 fratrum
1747 2461 1905 2483 nostrorum
1918 2457 2034 2483 consilio

1098 2487 1151 2513 hoc
1173 2487 1265 2513 edicto
1288 2494 1427 2522 perpetuo
1452 2489 1622 2522 ordinamus,
1648 2490 1725 2524 quod
1749 2491 1872 2524 religiosi
1897 2491 2035 2518 dictorum

1098 2521 1225 2547 ordinum
1236 2522 1453 2549 mendicantium
1466 2523 1493 2549 in
1504 2524 1580 2550 nullo
1592 2529 1729 2551 conventu
1739 2533 1790 2551 suo
1801 2533 1851 2552 seu
1865 2525 1926 2552 loco
1940 2526 2034 2560 plures

1098 2564 1248 2590 campanas
1269 2556 1391 2583 habeant
1413 2557 1474 2584 sine
1495 2558 1571 2584 sedis
1590 2559 1763 2592 apostolicae
1780 2559 1893 2586 licentia
1909 2560 2034 2594 speciali,

1098 2590 1150 2617 sed
1163 2599 1218 2616 una
1231 2591 1424 2617 tantummodo
1437 2600 1488 2626 pro
1502 2593 1563 2618 loco
1575 2593 1702 2626 quolibet
1715 2593 1770 2620 sint
1780 2594 1913 2620 contenti.
1938 2594 2033 2628 Quod-

1098 2625 1121 2651 si
1135 2625 1230 2651 forsan
1244 2626 1429 2652 communitas
1443 2635 1493 2653 seu
1507 2627 1672 2653 universitas
1685 2628 1779 2662 aliqua
1790 2628 1980 2655 ecclesiastica
1989 2629 2034 2655 vel

1098 2659 1248 2692 mundana,
1257 2668 1307 2686 seu
1318 2660 1404 2686 iidem
1414 2661 1537 2693 religiosi
1551 2670 1601 2695 pro
1613 2661 1664 2688 iliis
1675 2662 1702 2687 in
1713 2663 1807 2696 aliquo
1821 2663 1946 2696 ipsorum
1959 2663 2034 2689 loco-

1097 2702 1158 2719 rum
1172 2702 1337 2728 campanam
1349 2695 1432 2721 aliam
1445 2695 1593 2722 habuerint
1606 2696 1650 2722 vel
1663 2704 1735 2722 nunc
1748 2697 1865 2723 habent:
1879 2705 1935 2723 non
1949 2697 2034 2731 illam,

1098 2728 1150 2754 sed
1159 2729 1242 2754 aliam
1253 2729 1454 2761 solam‚eorum
1465 2730 1624 2764 specialiter
1634 2730 1729 2756 usibus
1739 2731 1912 2765 deputatam,
1922 2732 2034 2765 pulsare

1098 2763 1211 2790 valeant
1228 2763 1303 2790 horis
1321 2763 1426 2790 diurnis
1446 2769 1475 2791 et
1491 2764 1641 2798 nocturnis,
1654 2765 1746 2792 missis
1763 2770 1793 2792 et
1809 2765 1870 2792 aliis
1884 2766 2035 2794 consuetis.

1100 2868 1215 2892 praedicta
1232 2870 1381 2891 assumuntur,
1400 2870 1514 2892 ponuntur
1532 2870 1554 2887 et
1572 2870 1738 2894 promoventur,
1756 2870 1819 2889 iuxta
1836 2871 1937 2890 tenorem
1955 2871 1994 2895 qui
2012 2871 2036 2891 in

1099 2894 1159 2913 dicto
1175 2894 1267 2914 Clutorc.
1283 2895 1360 2913 ordine
1375 2894 1513 2919 observatur,
1532 2896 1554 2913 et
1567 2895 1595 2914 ad
1614 2895 1790 2915 mendicantium
1806 2896 1896 2916 ordines
1915 2901 2036 2922 eorumque

1099 2920 1149 2939 lecu.
1163 2923 1252 2940 nostrae
1262 2926 1307 2939 non
1323 2922 1356 2939 est
1371 2920 1504 2939 intentionis
1514 2920 1613 2940 extendi.
1639 2921 1666 2940 In
1677 2927 1703 2940 en
1712 2927 1800 2946 quoque
1810 2923 1963 2942 reservatione
1973 2928 2035 2947 prae-

1098 2945 1184 2965 laturae
1190 2947 1212 2965 et
1222 2946 1428 2965 administrationes
1439 2948 1460 2965 et
1470 2946 1543 2965 officia
1553 2946 1731 2970 praedicatorum
1741 2950 1764 2967 ot
1773 2948 1885 2968 minorum
1895 2948 2035 2974 aliorumque

1098 2972 1202 2991 ordinum
1222 2972 1398 2991 mendicantium
1421 2972 1570 2996 praes-‘ntorum
1594 2973 1687 2992 minime
1705 2973 1856 2993 includuntur.
1960 2975 1994 2999 20)
2013 2977 2036 2995 et

1098 2998 1202 3048 ali)q:lib.:
1213 2997 1232 3042 31
1264 2997 1304 3042 ι’21)
1314 3002 1401 3021 person.
1411 2998 1531 3022 pensiones
1540 2998 1678 3022 praedictas:
1692 2998 1709 3019 A
1753 2999 1786 3025 22)
1796 3000 1873 3025 praed.
1883 3000 1934 3021 aliis
1943 3005 1995 3022 neu:
2007 3001 2036 3022 ib.

1098 3024 1122 3044 23
1165 3023 1211 3048 iqui
1233 3029 1238 3042 :
1254 3024 1262 3042 ι’
1276 3037 1281 3042 .

1149 3049 1203 3069 Tit.
1217 3049 1256 3070 1v.
1284 3049 1346 3074 Cap.
1360 3054 1398 3070 uu.
1424 3048 1446 3074 1)
1456 3048 1473 3070 A
1525 3049 1546 3074 2)
1556 3049 1626 3070 infra:
1639 3049 1657 3070 Δ
