2243 3288
165 277 213 302 ⁴³11

475 354 669 383 TITULU
680 354 699 382 S
726 355 790 382 vn.

408 412 462 438 DE
490 411 860 438 RENUNCIATIONE.

583 481 624 501 ΟΛ
631 482 655 500 Ρ.
670 481 687 500 Ι.

167 517 280 536 Romanus
291 516 394 535 Pontifex
405 517 477 540 potest
487 515 557 535 libero
568 517 657 540 papatui
669 516 809 536 renunciare.
837 516 865 536 11.
873 516 894 535 d.
906 516 1027 536 secuudum
1038 518 1104 538 chz.

491 566 690 592 Bonifacius
709 567 779 592 vm.

240 609 378 643 Quoniam
397 609 481 643 aliqui
500 609 610 641 curiosi,
629 609 820 643 disceptantes
839 609 873 636 de
891 610 943 642 his,
962 618 1036 644 quae
1048 619 1103 637 non

167 644 284 670 multum
303 644 465 678 expediunt,
487 649 515 670 et
534 644 613 677 plura
631 652 731 678 sapere
750 652 834 677 quam
856 649 986 678 oporteat
1008 650 1104 671 contra

167 679 323 704 doctrinam
347 678 476 712 Apostoli
503 683 610 704 temere
634 683 816 712 appetentes,
846 679 874 704 in
899 679 1102 705 dubitationem

168 713 324 745 sollicitam,
347 721 381 738 an
400 713 542 738 Romanus
560 712 695 745 Pontifex,
718 713 838 739 maxime
857 722 943 747 quum
965 722 996 740 se
1018 714 1102 740 insuf-

167 748 307 773 ficientem
325 747 452 780 agnoscit
475 747 511 772 ad
533 747 687 780 regendam
705 747 889 774 universalem
909 748 1058 774 ecclesiam
1076 753 1103 774 et

167 782 267 807 summi
294 781 470 815 pontificatus
493 789 579 807 onera
601 781 804 815 supportanda,
826 783 989 808 renunciare
1010 783 1103 808 valeat

167 825 203 850 pa
225 816 280 841 atui
300 816 417 849 eiusque
440 816 516 841 oneri
535 821 563 841 et
586 816 695 847 honori,
718 816 858 842 deducere
876 817 967 842 minus
986 817 1103 851 provide

167 851 192 876 vi
216 851 345 876 ebantur:
367 851 542 876 Coelestinus
556 851 630 884 Papa
649 850 761 884 quintus
778 851 982 884 praedecessor
999 856 1103 883 noster,

168 885 234 910 dum
253 885 380 910 eiusdem
397 885 533 910 ecclcsiae
551 885 677 917 regimini
696 885 887 918 praesidebat,
904 886 1001 912 volens
1019 894 1104 920 super

166 920 219 945 hoc
238 919 431 945 haesitationis
454 919 602 945 cuiuslibet
624 919 768 946 materiam
787 925 942 953 amputare,
965 920 1103 946 delibera-

167 955 242 979 tione
256 953 352 979 habita
364 962 426 979 cum
441 953 497 979 suis
512 953 643 979 fratribus
654 954 789 980 ecclesiae
801 954 945 980 Romanae
959 955 1102 980 cardinali-

167 989 229 1019 bus,
243 988 279 1014 de
293 996 412 1022 quorum
421 996 537 1014 numero
551 993 616 1014 tunc
629 996 750 1020 eramuS,
769 988 804 1014 de
817 994 913 1014 nostro
933 994 960 1015 et
978 989 1102 1023 ipsorum

167 1022 291 1048 omnium
305 1022 436 1048 concordi
454 1022 570 1048 consilio
584 1027 611 1048 et
629 1031 745 1048 assensu
764 1023 930 1049 auctoritate
948 1024 1105 1057 apostolica

168 1057 264 1082 statuit
281 1062 309 1083 et
332 1057 464 1089 decrevit,
486 1057 645 1083 Romanum
662 1057 826 1083 Pontificem
849 1066 935 1091 posse
957 1058 1044 1085 libere
1062 1067 1103 1084 re—

167 1091 287 1125 signare.
328 1091 386 1117 Nos
405 1091 496 1124 igitur,
518 1099 553 1117 ne
571 1096 706 1117 statutum
723 1092 883 1117 huiusmodi
901 1100 952 1126 per
969 1093 1103 1127 temporis

167 1134 278 1151 cursum
300 1125 434 1151 oblivioni
457 1125 525 1157 dari,
547 1131 595 1151 aut
617 1126 823 1152 dubitationem
844 1127 965 1153 eandem
987 1127 1014 1152 in
1036 1128 1103 1153 reci—

167 1160 259 1185 divam
285 1160 519 1194 disceptationem
544 1161 660 1187 ulterius
685 1160 786 1186 deduci
812 1162 970 1195 contingat,
994 1162 1103 1196 ipsuml

167 1195 238 1221 inter
255 1195 469 1220 constitutiones
490 1195 559 1220 alias
578 1195 614 1221 ad
636 1200 802 1230 perpetuam
823 1195 863 1221 rei
885 1196 1050 1223 memoriam
1069 1196 1104 1223 de

167 1229 283 1255 fratrum
296 1234 455 1255 nostrorum
469 1229 583 1255 consilio
597 1229 725 1256 duximus
738 1230 934 1264 redigendum.

580 1299 653 1320 CAP.
667 1300 696 1319 Π.

167 1334 190 1352 Si
202 1333 224 1352 in
235 1333 335 1353 fraudem
347 1335 496 1357 exspoctantis
506 1334 600 1358 primaru
611 1336 746 1357 vacaturam,
754 1340 820 1359 quum
832 1335 855 1354 in
865 1335 967 1359 proximo
978 1337 1107 1356 crederetur

167 1360 255 1383 pinguis
273 1365 360 1383 vacare,
380 1361 497 1378 renunciet
514 1360 595 1384 aliquis
613 1362 714 1383 tenuem,
739 1366 805 1384 quam
824 1361 931 1380 habebat:
954 1368 1000 1381 nou
1019 1364 1108 1381 tenetur

167 1389 299 1408 exspectaus
310 1385 370 1404 illam
383 1386 493 1409 recipere:
507 1386 576 1404 immo
591 1386 630 1405 illa
640 1386 733 1405 dimissa
742 1387 880 1410 exspectabit
894 1388 960 1407 aliam
971 1388 1019 1407 sine
1030 1389 1106 1407 fraude

168 1413 293 1431 vacantem.
321 1412 349 1430 Et
364 1412 382 1430 sl
399 1411 432 1430 illi
448 1412 589 1430 renunciant}
604 1412 643 1431 illa
657 1413 745 1436 pinguis
759 1414 836 1436 postea
850 1413 985 1438 conferatur,
1001 1415 1043 1434 hoe
1059 1415 1106 1439 ipso

414 1438 508 1461 probata
517 1438 546 1456 sit
556 1438 623 1461 fraus,
635 1440 656 1457 et
666 1438 751 1458 carebit
761 1440 862 1463 utraque.

586 1479 687 1506 Idem.

235 1521 273 1554 Si,
299 1526 327 1548 te
350 1522 542 1556 praebendam
564 1523 609 1549 vel
631 1523 797 1557 dignitatern
822 1524 849 1549 in
870 1525 965 1558 aliqua
987 1525 1106 1551 ecclesia

167 1557 293 1590 proximo
326 1562 488 1583 vacaturam
523 1558 690 1584 auctoritate
724 1559 879 1592 apostolica
914 1564 1105 1593 exspectante,

169 1591 269 1624 aliquis
294 1592 487 1625 praebendam
516 1600 566 1618 seu
592 1592 759 1625 dignitatem
785 1598 899 1619 tenuem
923 1594 1053 1620 obtinens
1078 1594 1105 1619 in

169 1625 279 1657 eadem,
298 1625 490 1652 fraudulenter
502 1626 526 1652 ei
541 1627 694 1659 renunciet,
713 1632 750 1659 ut,
769 1627 815 1653 illa
831 1628 921 1662 primo
935 1629 975 1654 sic
987 1633 1105 1654 vacante

168 1660 366 1694 praecludatur
379 1660 428 1686 tibi
446 1660 490 1686 via
507 1669 557 1694 per
574 1669 752 1695 consequens
769 1662 805 1687 ad
825 1663 1007 1688 obtinendum
1026 1672 1105 1697 prae-

168 1694 291 1720 bendam
303 1695 348 1720 vel
361 1694 527 1727 dignitatem
539 1696 623 1721 aliam
636 1696 822 1729 pinguiorem,
836 1705 909 1730 quae
923 1705 974 1731 per
985 1702 1105 1724 mortem

168 1729 283 1754 alicuius
305 1729 350 1756 vel
371 1729 440 1755 alias
462 1729 490 1755 in
513 1729 573 1764 ipsa
590 1731 710 1756 ecclesia
730 1731 852 1757 creditur
868 1731 1057 1758 verisimiliter
1078 1732 1105 1757 in

168 1763 294 1798 proximo
305 1768 448 1790 vacatura:
463 1772 513 1798 per
523 1764 761 1791 renunciationem
771 1765 940 1799 huiusmodi,
951 1766 1105 1792 dummodo

236 1868 293 1892 Tit.
311 1868 388 1892 VIII,
428 1868 496 1900 Cap.
514 1869 535 1892 Ι.
574 1868 599 1901 a)
612 1868 673 1893 haec
689 1868 781 1893 decret.
795 1869 886 1894 Innoc.
906 1871 950 1894 IV.
967 1871 1048 1894 dilect.
1071 1871 1104 1895 sil.

168 1903 318 1926 universitati
336 1903 508 1933 magistrorum
525 1903 654 1927 ‚scolarium
674 1904 772 1927 Parisiis
789 1905 997 1928 commorantibus
1011 1904 1108 1929 directa

167 1941 202 1961 est
222 1936 339 1968 Luffllun.
364 1938 412 1960 XI.
439 1936 498 1961 Kal.
523 1937 585 1961 ᾸΙαί.
608 1937 639 1962 l’.
658 1938 688 1962 Λ.
710 1939 758 1962 ΙΙΙ.
788 1945 857 1970 1245.
879 1953 911 1956 --
929 1939 1045 1963 I’ottluzst
1066 1948 1107 1963 710.

172 1972 259 1995 12062.
274 1986 305 1988 ἑ
317 1970 343 1994 ln
357 1971 444 2002 Comp.
459 1979 480 1995 c.
497 1979 516 1995 1.
533 1971 556 1996 Ιι.
570 1975 585 1995 t.
597 1986 629 1989 —-
640 1972 665 1996 ῐη
679 1972 758 1997 Bulla
772 1973 862 1998 [tinne.
876 1973 917 1997 Arl
929 1973 1015 2006 elfled.
1029 1982 1070 1998 710.
1082 1975 1104 1998 (1,

168 2006 194 2037 l»)
209 2006 278 2037 ipsis:
292 2005 338 2029 lac
407 2005 431 2037 c)
445 2014 496 2029 can.
507 2016 512 2030 :
525 2006 605 2030 deest:
621 2005 652 2037 If
715 2007 741 2039 d)
756 2009 843 2039 possit:
856 2007 911 2032 Iar.

237 2041 306 2071 Cap.
326 2040 360 2063 11.
399 2040 424 2071 a)
439 2040 497 2064 Ilm.
514 2042 558 2064 lv.
577 2041 645 2065 hulla
659 2042 792 2065 baronibus
805 2043 1029 2072 conmutnitatilnts,
1050 2051 1107 2066 con-

168 2076 228 2098 silii<
244 2081 294 2098 tam
311 2075 437 2097 civitatum
455 2084 528 2106 quani
550 2081 685 2100 castrorum
702 2082 724 2100 ct
747 2077 850 2100 alioruin
867 2077 985 2106 locorum,
1011 2086 1038 2101 ac
1055 2078 1107 2101 uni-

168 2111 242 2133 versis
254 2109 371 2132 militibus
380 2114 403 2131 01
415 2110 513 2140 populis
523 2119 566 2141 per
576 2119 677 2141 regnum
690 2112 854 2141 I'ortugalliae
864 2112 1002 2135 constitutis
1012 2111 1108 2135 [Izi-ecta

168 2148 249 2167 essm!
256 2144 296 2175 (ex
303 2142 364 2174 Πομ.
375 2141 603 2175 Vatia.)inljullur.
611 2144 684 2169 It'om.
693 2145 730 2169 erl,
739 2145 818 2169 Tam:
829 2147 877 2175 111,
889 2146 944 2176 516.
953 2146 1108 2170 -I’ottliasz

169 2187 209 2202 ιιι).
224 2185 312 2209 11751.
326 2191 357 2193 ——
373 2177 470 2209 [ἴθι-90)·
483 2186 523 2203 no.
538 2180 608 2210 1389.
624 2194 654 2197 Ἢ
666 2179 692 2203 in
707 2180 796 2211 (fomp.
806 2180 828 2204 Ῐι.
840 2184 856 2203 1.
870 2188 891 2204 c.
907 2187 928 2204 2.
942 2194 976 2198 —
989 2179 1014 2204 2⁴⁷1.
1029 2180 1108 2205 trulla

171 2214 214 2237 Λα
233 2214 335 2244 exped-
355 2220 396 2235 nn.
410 2218 430 2241 7.
451 2227 483 2230 —
502 2213 566 2238 Dat.
584 2214 665 2245 Luffll.
683 2215 729 2238 IX.
752 2213 813 2238 Kal.
827 2214 894 2246 Any.
911 2214 943 2239 A.
960 2216 1010 2239 III.
1033 2221 1104 2246 1245.

169 2248 195 2279 l.)
209 2247 255 2271 Im(-
268 2247 324 2271 loco
338 2245 516 2271 rlesidemutur
528 2248 603 2272 eliam
617 2248 642 2272 [n
658 2248 745 2280 Comp.
760 2248 800 2272 cit.
815 2258 897 2282 seqq.:
917 2250 1066 2274 exsultamus
1083 2251 1107 2273 in

172 2283 281 2306 Domino
291 2280 389 2313 gaudio,
404 2289 478 2311 quum
489 2283 634 2306 christianae
645 2283 801 2314 pwsessionis
815 2292 889 2314 regna
899 2284 933 2308 sic
946 2284 1037 2308 salubri
1050 2285 1107 2308 diri-

169 2322 260 2347 guntur
277 2322 348 2346 statu,
374 2319 438 2349 quod
458 2318 581 2345 ccclesiae,
603 2326 631 2341 ac
652 2318 699 2341 alia
722 2318 776 2342 loca
793 2319 868 2342 cultui
890 2323 912 2342 et
931 2319 1050 2350 obsequio
1066 2319 1107 2342 de-

171 2357 254 2383 putata
267 2351 363 2381 divinis,
380 2358 403 2376 et
417 2360 535 2384 personnae
547 2352 731 2380 ecclesiasticae,
752 2353 890 2384 caeterique
904 2353 987 2376 fideles
1001 2354 1107 2385 ipsorum

170 2386 237 2417 pacis
249 2388 426 2417 tranquillitate
440 2387 566 2414 lactantur,
588 2386 647 2409 fides
661 2387 684 2409 in
702 2387 736 2409 eis
753 2387 873 2410 catholica
892 2388 976 2411 maiori
995 2389 1109 2412 continue

172 2421 258 2443 robore
272 2422 428 2449 convalescit,
445 2426 554 2445 servatur
567 2421 624 2443 inibi
640 2421 738 2450 iustitia,
755 2426 777 2445 et
792 2422 894 2445 audacia
911 2423 1004 2445 cunctis
1017 2423 1108 2446 ibidem

171 2455 328 2479 interdicitur.
370 2456 515 2479 vehementi
533 2460 614 2478 autem
631 2455 716 2478 dolore
733 2456 866 2484 turbamur,
886 2457 905 2479 si
919 2457 1018 2487 quando
1035 2465 1110 2488 regna

172 2490 231 2520 ipsa,
257 2490 322 2520 quod
340 2490 410 2519 absit,
437 2495 582 2521 procurante
603 2490 702 2512 humani
725 2491 819 2519 gent-ris
836 2491 942 2519 inimico,
967 2491 1110 2515 scinduntur

171 2524 306 2553 discordiis,
331 2525 395 2548 circa
411 2525 468 2548 fidei
485 2525 577 2548 cultum
596 2525 695 2547 remisso
712 2525 849 2547 devotionis
868 2526 954 2548 ardore
972 2530 1107 2557 tepescunt,

172 2559 287 2581 iustitiam
309 2559 444 2589 negligunt,
472 2563 495 2582 et
518 2559 541 2582 in
564 2566 588 2582 se
611 2559 668 2589 ipsis
693 2559 835 2589 permittunt
858 2560 943 2583 illicita
965 2561 1106 2591 perpetrari.

176 2593 247 2616 [nde
261 2593 337 2616 multa
350 2594 514 2617 sollicitudine
532 2601 671 2623 magnoque
684 2593 765 2615 studio
782 2601 911 2624 procurare
929 2602 972 2616 nos
985 2595 1106 2622 convenit,

172 2633 196 2650 111
210 2627 397 2651 christianorum
411 2636 492 2658 regna,
509 2636 571 2659 quae
584 2628 607 2650 in
621 2632 685 2650 statu
696 2631 749 2650 sunt
764 2636 887 2658 prospero,
905 2629 1109 2652 incommutabili-

173 2667 208 2685 ter
221 2662 244 2684 in
259 2662 301 2685 illu
315 2668 435 2691 regantur,
452 2667 474 2685 et
488 2670 551 2693 quae
565 2661 701 2693 periculoso
715 2670 782 2684 mere
795 2662 978 2691 dignoscuntur,
996 2663 1109 2686 reforma-

173 2697 238 2719 tione
253 2696 369 2719 laudabili
383 2702 531 2728 reparentur.
572 2698 637 2719 Sanc
654 2704 728 2726 (11111111
747 2696 884 2719 carissimus
898 2697 921 2719 in
935 2697 1034 2720 Christo
1048 2698 1111 2721 silius

173 2736 254 2753 noster
267 2749 272 2754 .
290 2749 295 2754 .
313 2749 318 2754 .
335 2731 499 2761 Portugalliae
512 2739 552 2754 rex
566 2730 665 2753 illustris
677 2738 691 2753 a
705 2731 807 2760 pucritia
820 2739 870 2759 sua,
887 2731 966 2754 clarae
980 2732 1111 2755 memoriae

174 2770 241 2796 patre
255 2773 298 2788 suo
311 2766 374 2788 viam
389 2767 514 2789 universae
527 2765 605 2789 carnis
622 2765 738 2795 ingresso,
759 2765 826 2794 regni
842 2765 1007 2795 l'ortugalliac
1023 2766 1110 2795 guber-

173 2800 272 2822 natione
282 2805 402 2831 susccpta,
420 2800 534 2823 ecclesias
547 2804 569 2823 ct
584 2799 731 2822 monasteria
742 2799 881 2822 exsistentia
893 2800 915 2822 in
927 2800 1021 2828 eodem,
1036 2809 1111 2831 pravo

174 2842 231 2856 usus
251 2834 360 2862 consilio,
387 2835 411 2857 in
432 2842 531 2865 gravem
552 2834 598 2857 Dei
621 2833 739 2856 offensam
761 2839 784 2856 et
807 2833 1015 2857 conculcationem
1034 2835 1110 2858 cccle-

173 2868 283 2891 vsiastieae
297 2868 422 2897 libertatis,
440 2869 590 2892 multimodis
600 2868 767 2891 exactionibus
777 2872 798 2891 01
809 2868 1007 2899 oppressionibus
1020 2877 1063 2899 per
1075 2878 1107 2898 se,

176 2910 280 2933 suosque
299 2903 437 2926 immaniter
450 2903 580 2931 afflixisset,
601 2907 622 2925 et
641 2902 673 2925 ab
689 2902 744 2925 aliis
761 2911 806 2933 pro
823 2903 929 2933 ipsorum
949 2902 1018 2925 libito
1036 2903 1111 2926 libere

175 2937 320 2966 permisisset
332 2937 418 2967 affligig
435 2938 535 2961 tandem
549 2937 695 2968 quibusdam
705 2937 861 2960 ecclesiarum
874 2937 989 2968 praelatis
1003 2937 1109 2961 eiusdem

176 2971 241 3001 regni
266 2971 331 3002 apud
354 2972 480 2995 Romanos
507 2971 637 2995 Pontifices
662 2971 859 3003 praedecessores
882 2976 978 2995 nostros
1001 2972 1111 3003 querelas

228 3090 280 3108 Tit.
295 3091 344 3108 VH.
372 3090 433 3114 Cap.
448 3091 466 3110 Ι.
493 3092 513 3113 1)
524 3092 606 3115 ipsam:
621 3091 657 3109 Cli.

226 3116 278 3134 Tit.
294 3116 352 3135 ΠΗ.
379 3116 440 3140 Cap.
455 3117 472 3136 1.
500 3119 520 3141 1)
531 3118 598 3137 etiam
609 3119 631 3136 et
639 3117 675 3137 si:
689 3116 754 3140 Alli&
767 3117 786 3136 si
797 3117 875 3137 etiam:
891 3115 961 3136 Iahcd.

420 276 527 301 SEXTI
546 275 754 301 DECRETAL.
774 275 840 302 LlB.
859 277 878 302 1.
897 276 968 302 Tl'r.
987 276 1044 302 Vll.
1063 275 1134 302 V111.
1153 275 1205 302 DE
1223 273 1443 301 SUPPLENDA
1459 273 1608 300 NEGLIG.
1628 277 1681 300 etc.
1700 281 1724 299 c.
1746 281 1819 306 1—4.

2024 272 2074 298 972

1139 352 1175 378 de
1188 351 1343 386 praemissa
1357 351 1454 377 fraude
1467 354 1601 385 appareat
1615 351 1714 376 saltem
1727 358 1778 384 per
1790 350 1898 384 aliquas
1912 349 2073 384 probabiles

1142 387 1326 418 coniecturas,
1347 390 1386 415 ut,
1405 385 1470 418 quia
1487 385 1579 410 dictae
1597 385 1811 410 renunciationis
1830 389 1957 418 tempore
1975 384 2007 415 is,
2027 383 2074 417 qui

1139 421 1331 454 praebendam
1343 420 1387 446 vel
1402 419 1566 452 dignitatem
1580 419 1756 452 pinguiorem
1769 419 1901 451 habebat,
1914 418 2073 444 infirmitate

1140 455 1217 487 gravi
1229 455 1415 486 detinebatur,
1429 454 1472 479 vel
1483 453 1588 487 aliquid
1599 453 1675 478 aliud
1686 453 1856 485 imminebat,
1871 457 1986 486 propter
1997 452 2074 486 quod

1139 489 1211 515 illius
1226 489 1388 522 praebenda
1401 496 1450 514 seu
1464 488 1585 520 dignitas
1599 495 1697 513 vacare
1711 488 1738 513 in
1752 487 1877 521 proximo
1891 486 2074 521 probabiliter

1142 523 1318 555 credebatur,
1336 523 1441 548 nullum
1456 522 1504 547 tibi
1519 522 1646 547 volumus
1660 521 1834 547 obstaculum
1852 521 1999 555 interponi,
2018 529 2073 554 quo

1140 558 1240 590 minus,
1263 557 1425 591 praebenda
1448 557 1492 582 vcl
1510 556 1646 589 dignitate
1668 555 1811 589 praedicta
1828 556 1867 581 sic
1884 555 2074 581 fraudulenter

1139 592 1300 618 renunciata
1321 592 1434 622 omissa,
1457 590 1548 624 possis
1572 590 1675 616 dictam
1699 590 1885 624 pinguiorem,
1908 598 1993 623 quum
2010 597 2074 615 eam

1139 626 1184 651 vel
1196 626 1279 652 aliam
1294 626 1315 651 si
1330 626 1404 660 prius
1420 625 1510 658 ipsam
1523 633 1622 650 vacare
1636 625 1792 657 contigerit,
1811 624 1977 659 auctoritate
1995 632 2074 657 prae-

1139 660 1196 686 fata
1209 660 1296 686 libere
1309 665 1406 694 petere
1424 659 1508 685 veluti
1528 659 1576 684 tibi
1597 658 1730 689 debitam,
1747 662 1776 684 et
1793 659 1906 684 habere.
1943 659 2075 684 Ceterum

1139 694 1160 720 si
1180 695 1322 728 praedicto
1341 693 1512 719 renuncianti
1531 693 1690 718 huiusmodi
1708 693 1870 726 praebenda
1886 693 1931 718 vel
1952 691 2074 725 dignitas

1140 728 1270 762 pinguior
1283 728 1399 754 forsitan
1413 727 1580 759 conferatur,
1598 735 1631 753 eo
1649 727 1710 760 ipso
1725 727 1799 752 dicta
1816 727 1890 752 fraus
1908 727 2076 759 intelligatur

1140 772 1203 789 0550
1221 763 1348 796 probata,
1373 767 1400 789 et
1419 762 1493 788 idem
1511 761 1677 788 renuncians
1696 761 1793 787 habita
1810 761 1923 787 omnino
1941 765 2035 787 careat
2047 764 2076 786 et

1139 797 1252 823 ambita.

1428 884 1679 913 TITULUS
1710 884 1788 911 Vffl.

1276 942 1332 968 DE
1359 942 1612 968 SUPPLENDA
1640 941 1937 967 NEGLIGENTIA

1438 985 1774 1011 PRAELATORUM.

1559 1054 1632 1074 GAP.
1647 1055 1664 1074 I.

1139 1088 1267 1108 Iurisdictio
1277 1089 1412 1113 suffraganei
1427 1088 1869 1133 exeommpnicatiAtddmetropolitanum
1885 1093 1930 1106 11011
1945 1087 2078 1107 devolvitur.

1543 1120 1608 1134 Danu.
1641 1120 1654 1133 Π
1674 1120 1690 1134 Γ.

1454 1173 1675 1200 Innocentius
1694 1174 1760 1199 1V.==

1208 1216 1335 1242 Romana
1354 1216 1472 1242 ecclesia
1490 1216 1534 1250 (Et
1547 1216 1642 1249 insint)
1662 1216 1792 1242 Edictum
1810 1223 1877 1241 vero
1895 1224 1946 1249 per
1957 1216 2077 1241 Remen-

1141 1259 1201 1277 sem
1212 1251 1383 1284 provinciam
1394 1251 1574 1285 publicatum,
1585 1255 1640 1276 uta
1651 1250 1770 1276 subditis
1782 1250 1979 1284 episcoporum
1989 1250 2077 1284 ipsius

1141 1285 1301 1319 provinciae
1315 1293 1365 1319 pro
1378 1285 1526 1311 audiendis
1540 1290 1568 1311 et
1581 1285 1763 1311 terminandis
1776 1293 1873 1310 eorum
1887 1284 1977 1310 causis
1991 1284 2078 1310 libere

1141 1320 1177 1345 ad
1194 1320 1365 1345 Remensem
1381 1319 1485 1345 curiam
1503 1319 1662 1351 accedatur,
1681 1319 1793 1353 penitus
1812 1327 1986 1351 revocamus,
2004 1318 2079 1352 quia,

1142 1354 1267 1380 etiamsil
1285 1358 1446 1380 tenerentur
1462 1353 1547 1380 iidem
1569 1354 1695 1388 episcopi
1718 1361 1767 1387 pro
1785 1353 1843 1378 suis
1861 1353 1950 1387 culpis
1967 1353 2078 1379 vinc-ulo

1142 1388 1437 1414 excommunicationis
1462 1388 1602 1420 adstricti,
1627 1396 1683 1413 non
1708 1392 1803 1413 tamen
1827 1395 1861 1413 ex
1886 1387 1974 1421 culpis
2000 1387 2078 1421 ipsis,

1142 1431 1228 1456 quum
1246 1423 1275 1448 id
1296 1431 1353 1448 non
1376 1423 1531 1449 inveniatur
1548 1431 1563 1448 a
1582 1423 1640 1448 iure
1659 1430 1834 1454 concessum,
1855 1421 1891 1447 ad
1908 1422 2079 1447 Remensem

1142 1457 1386 1491 archiepiscopum
1407 1457 1559 1482 iurisdictio
1583 1457 1780 1482 devolveretur
1801 1464 1906 1482 eorum.
1945 1456 2002 1482 Sed
2025 1455 2080 1482 alia

1143 1491 1215 1518 forte
1228 1500 1279 1526 pro
1292 1491 1366 1518 illisb
1379 1500 1472 1525 poena
1485 1491 1553 1526 ipsis
1567 1491 1717 1517 canonicaC
1731 1489 1848 1525 possetd
1862 1490 1959 1524 infligi.

1554 1561 1627 1581 CAP.
1642 1561 1671 1579 Π.

1142 1596 1165 1616 Si
1186 1596 1230 1620 ille,
1250 1597 1287 1621 qui
1306 1596 1401 1620 praeest,
1421 1597 1454 1614 cst
1472 1596 1588 1619 negligens
1606 1597 1628 1614 et
1647 1595 1759 1618 remissus,
1779 1595 1846 1614 debet.
1863 1595 1966 1619 superior
1978 1595 2014 1614 illi
2027 1595 2081 1615 dare

1343 1622 1449 1641 idoneum
1461 1622 1622 1641 coadiutorem.
1649 1622 1678 1641 11.
1689 1621 1710 1640 tl.
1720 1621 1798 1640 Ioanu.
1810 1621 1881 1640 Andr.

1253 1681 1344 1707 Idem
1362 1681 1554 1707 Baronibus
1575 1684 1606 1707 et
1626 1680 1854 1706 Comitibusl*
1873 1680 1968 1714 regni

1477 1719 1743 1754 Portugalliaea.

1212 1767 1317 1793 Grandi
1330 1775 1387 1793 non
1401 1767 1559 1794 immeritob
1574 1767 1617 1801 (Et
1632 1766 1727 1801 infim)
1747 1766 1924 1799 Mandamus,
1944 1769 2081 1801 quatenus

1145 1871 1293 1903 multiplices
1306 1880 1378 1903 super
1395 1871 1433 1895 his
1445 1872 1625 1903 deponentibus
1637 1874 1722 1896 contra
1734 1880 1798 1901 eum,
1818 1871 1894 1896 felicis
1907 1871 2082 1896 recordatiouis

1143 1906 1276 1936 Gregorius
1300 1907 1368 1938 Papa
1388 1907 1561 1937 praedecessor
1586 1910 1667 1930 noster
1689 1911 1743 1938 post
1765 1907 1905 1930 huiusmodi
1926 1906 2038 1937 querelas
2057 1909 2082 1930 et

1143 1941 1323 1964 admonitiones
1337 1941 1474 1972 frequentes
1487 1941 1537 1971 regi
1554 1945 1654 1972 propter
1666 1941 1712 1964 hoc
1723 1941 1798 1965 factas
1815 1941 1902 1970 eidem,
1924 1948 1952 1964 ac
1968 1943 2081 1972 expecta-

1143 1975 1221 1998 tioncs
1238 1975 1352 2003 diutinas,
1377 1983 1422 1998 nec
1444 1983 1492 1999 non
1515 1979 1537 1998 et
1560 1975 1680 1999 interdicti
1698 1984 1726 1999 ae
1748 1975 2007 1999 excommunicationis
2028 1983 2081 1998 sen-

1143 2010 1231 2032 tentias
1244 2010 1276 2032 ob
1289 2010 1364 2040 ipsius
1377 2010 1557 2033 contumaciam
1570 2010 1593 2032 in
1604 2018 1667 2038 euni,
1684 2014 1706 2033 et
1721 2010 1857 2042 praefatum
1867 2018 1968 2041 regnum
1978 2009 2082 2033 auetori-

1143 2048 1192 2067 tate
1205 2044 1341 2075 apostolica
1354 2045 1528 2075 promulgatas,
1549 2045 1639 2076 diuque
1657 2045 1797 2069 observatas
1814 2045 1905 2068 ibidem
1923 2051 1995 2075 super
2012 2044 2083 2067 certis

1144 2079 1282 2109 praedictae
1307 2079 1426 2102 libertatis
1450 2079 1564 2107 articulis,
1593 2083 1615 2102 et
1638 2079 1785 2110 quibusdam
1807 2079 1861 2102 aliis
1885 2079 1917 2102 ab
1938 2086 1967 2102 eo
1989 2081 2012 2102 et
2033 2079 2083 2102 suis

1144 2113 1303 2143 imposterum
1317 2113 1483 2141 observandis,
1501 2117 1523 2136 et
1537 2113 1701 2137 satisfactione
1715 2113 1880 2144 impendenda
1893 2113 2045 2136 monasteriis
2054 2116 2082 2136 ,et

1144 2147 1260 2170 Ecclesiis
1273 2147 1304 2170 de
1317 2147 1413 2171 damnis
1425 2155 1453 2171 ae
1470 2148 1563 2171 iniuriis
1580 2156 1624 2179 per
1640 2148 1718 2179 ipsum
1737 2152 1759 2171 et
1777 2156 1834 2171 suos
1850 2148 1963 2178 irrogatis
1979 2147 2078 2176 eisdem,

1143 2190 1171 2205 ac
1185 2182 1291 2212 ipsorum
1306 2182 1447 2205 defensione
1459 2182 1527 2206 duxit
1541 2182 1671 2206 salubriter
1687 2182 1874 2214 providendum,
1895 2182 1966 2206 certis
1983 2189 2081 2206 exsecu-

1143 2217 1243 2245 toribus,
1260 2217 1301 2247 qui
1315 2224 1370 2240 cum
1384 2216 1415 2240 ad
1428 2217 1476 2240 hoc
1488 2217 1651 2240 ecclesiastica
1664 2224 1765 2240 censura
1777 2217 1960 2248 compellerent,
1980 2216 2082 2248 (leputa-

1143 2251 1180 2274 tis.
1221 2251 1270 2274 Sed
1289 2251 1361 2280 idem,
1387 2251 1490 2282 receptis
1511 2251 1701 2282 apostolicarum
1724 2251 1891 2282 provisionum
1912 2251 1999 2279 literis,
2025 2250 2081 2274 licet

1143 2285 1279 2316 promiserit
1301 2293 1344 2316 per
1364 2293 1420 2308 suas
1442 2289 1553 2316 patentes
1573 2286 1662 2314 literas,
1687 2286 1753 2317 quod
1775 2285 1889 2309 articulos
1909 2288 2037 2308 contentos
2058 2285 2083 2308 in

1143 2320 1283 2343 earumdem
1303 2320 1467 2350 provisionum
1486 2320 1561 2343 literis
1578 2324 1600 2343 et
1618 2321 1757 2343 observaret
1775 2323 1797 2343 et
1820 2319 1908 2344 faceret
1928 2328 1943 2343 a
1959 2319 2008 2343 suis
2025 2319 2099 2343 sub-s

1143 2354 1200 2377 ditis
1217 2354 1352 2381 observari;
1369 2355 1526 2385 postmodum
1544 2358 1626 2378 tamen
1640 2362 1688 2377 11011
1702 2354 1781 2377 50111111
1798 2354 1912 2385 praefatis
1930 2353 2083 2377 monasteriis

1144 2393 1165 2412 et
1181 2389 1289 2412 ecclesiis
1303 2389 1334 2411 de
1345 2389 1484 2419 praemissis
1497 2389 1593 2412 damnis
1606 2393 1629 2412 et
1639 2389 1732 2412 iniuriis
1744 2389 1888 2417 satisfacere,
1905 2388 1944 2412 vel
1957 2397 1986 2412 ea
1998 2388 2080 2412 defen-

1144 2431 1196 2446 sare
1210 2423 1329 2452 neglexit3
1341 2423 1383 2446 sed
1397 2423 1478 2451 etiam,
1495 2427 1520 2446 ut
1534 2423 1680 2454 accepimus,
1702 2423 1816 2446 ecclesias
1828 2427 1851 2446 et
1869 2423 2017 2447 monasteria
2028 2422 2082 2454 ipsa

1145 2466 1188 2488 per
1204 2466 1237 2483 se,
1258 2465 1362 2488 suosque
1379 2457 1499 2488 portarios
1516 2462 1537 2481 et
1556 2458 1678 2488 meyrinos
1695 2457 1810 2486 collectis,
1831 2457 2042 2488 procurationibus
2053 2464 2082 2480 ae

1144 2492 1312 2515 exactionibus
1333 2491 1448 2514 indebitis
1465 2492 1649 2515 intolerabiliter
1670 2492 1811 2522 aggravavit
1833 2495 1856 2515 et
1873 2495 1989 2522 aggravat
2006 2491 2081 2514 inees-

1145 2531 1233 2554 santer,
1264 2534 1292 2549 ac
1318 2526 1381 2549 circa
1403 2525 1586 2550 malefactorum
1609 2526 1675 2557 regni
1697 2526 1804 2550 eiusdem
1827 2526 1983 2549 insolentiam
2006 2525 2081 2556 repri-

1146 2561 1259 2583 mendam
1282 2561 1315 2583 sic
1332 2560 1458 2590 negligens
1476 2561 1603 2590 invenitur,
1628 2561 1693 2592 quod
1713 2561 1736 2583 in
1754 2561 1840 2584 eodem
1858 2568 1934 2590 regno
1950 2560 2015 2583 bona
2031 2563 2080 2583 tam

1145 2595 1316 2623 ecclesiastiea,
1341 2602 1413 2625 quam
1432 2595 1556 2618 mundana
1578 2603 1621 2626 per
1638 2599 1755 2626 raptores,
1781 2595 1923 2626 praedones,
1948 2594 2078 2623 invasores,

1146 2629 1314 2657 incendian'os,
1332 2629 1443 2659 publicosv
1456 2629 1588 2659 sacrilegos.
1601 2633 1624 2653 et
1638 2629 1795 2652 detestabiles
1812 2629 1947 2652 homicidas
1963 2628 2080 2651 abbatum

1146 2664 1267 2691 videlicet,
1281 2664 1388 2694 priorum
1398 2668 1421 2686 ct
1432 2663 1534 2686 alioruin
1547 2664 1714 2693 religiosorum
1725 2668 1747 2687 et
1759 2663 1901 2687 elericorum
1910 2662 2077 2691 saecularium,

1145 2706 1173 2721 ac
1191 2698 1308 2721 laicorum
1330 2698 1403 2721 etiam
1420 2698 1546 2726 occisores,
1572 2698 1682 2729 deperire
1700 2702 1798 2729 propter
1815 2697 1942 2721 saecularis
1959 2696 2081 2720 desectum

1147 2733 1250 2755 iustitiae
1263 2732 1445 2762 dignoscuntur.
1480 2732 1553 2756 Unde
1566 2733 1623 2763 quia
1635 2732 1668 2755 510
1682 2732 1705 2755 111
1719 2732 1805 2755 00(10111
1819 2739 1893 2761 regno
1905 2739 1920 2754 a
1932 2731 2080 2761 quibuslibet

1146 2767 1194 2790 suis
1219 2767 1322 2790 subditis
1347 2767 1445 2797 impune
1469 2767 1630 2798 delinquitur,
1658 2767 1772 2795 barones,
1800 2765 1889 2796 aliique
1913 2765 1988 2795 ipsius
2012 2766 2079 2795 regni

1146 2801 1240 2825 nobiles
1253 2806 1275 2824 et
1289 2801 1417 2831 ignobiles,
1439 2805 1537 2832 sumpto
1555 2810 1584 2824 ex
1600 2801 1647 2824 hoc
1664 2799 1821 2831 delinquendi
1838 2807 1904 2827 ausu,
1925 2799 2081 2824 matrimonia

1146 2835 1288 2858 contrahere
1310 2836 1333 2858 in
1351 2835 1427 2865 gradu
1446 2835 1577 2866 prohibito,
1603 2835 1667 2858 bona
1684 2833 1845 2858 ecclesiastica
1867 2840 1958 2864 rapere,
1983 2841 2011 2856 ac
2032 2834 2080 2858 alia

1145 2877 1218 2900 quam
1233 2870 1302 2900 plura
1314 2869 1379 2892 mala
1392 2869 1450 2892 olim
1463 2877 1478 2892 a
1491 2870 1569 2893 bonae
1582 2869 1714 2893 memoriae
1728 2869 1820 2892 Ioanne
1831 2867 1946 2890 Sabinen.
1964 2867 2080 2899 episcopo

1146 2908 1202 2927 tunc
1224 2904 1246 2927 in
1269 2904 1378 2935 partibus
1399 2904 1446 2927 11115·
1467 2903 1624 2935 Apostolicac
1645 2903 1716 2927 Sedis
1736 2903 1828 2932 legato,
1853 2901 1898 2924 sub
1919 2902 2081 2926 anathematis

1147 2938 1342 2961 interminatione
1366 2938 1490 2969 prohibita
1511 2938 1662 2961 committere
1684 2944 1731 2959 non
1753 2940 1872 2964 verentur,
1900 2940 1920 2959 et
1948 2940 1998 2960 tam
2023 2937 2076 2968 ipsi,

1146 2981 1220 3004 quam
1233 2973 1314 3004 plures
1326 2973 1367 2996 alii
1379 2973 1410 2996 de
1423 2980 1498 3003 regno
1511 2971 1620 3003 praefato
1635 2971 1784 2994 diversarum
1800 2970 2079 2996 excommunicationum

1043 3090 1104 3115 Cap.
1119 3092 1147 3111 Π.
1176 3091 1195 3116 1)
1206 3091 1414 3111 communitatibus:
1427 3074 1559 3115 nostor-sq„-
1573 3088 1726 3109 comitatibus:
1751 3087 1781 3107 Ῐιι.
