2243 3288
142 266 208 294 1077

143 344 308 371 defensione
336 344 401 370 fidei
431 344 606 371 dioecesanis
636 346 777 380 episcopis
807 351 835 372 et
867 345 1079 380 inquisitoribus

141 379 299 405 haereticae
324 379 478 412 pravitatis,
504 388 520 405 a
545 380 615 406 sede
637 381 792 414 apostolica
814 380 955 414 deputatis
980 385 1027 406 aut
1052 381 1079 406 in

141 418 287 448 posterum
298 413 477 447 deputandis,
491 419 618 448 pareant,
632 420 659 440 et
674 415 819 441 intendant
829 415 856 440 in
867 415 1080 447 haereticorum,

141 447 323 479 credentium,
337 447 488 480 fautorum,
501 453 709 482 receptatorum
723 454 751 475 et
761 449 942 476 defensorum
956 450 1080 483 ipsorum

141 481 366 515 investigatione,
385 482 515 516 captione
534 491 566 508 ac
584 484 712 509 custodia
730 484 866 517 diligenti,
886 492 972 517 quum
990 484 1025 510 ab
1040 484 1080 510 eis

141 516 243 541 fuerint
256 516 391 550 requisiti,
410 521 437 542 et
452 522 481 542 ut
495 517 635 551 praefatas
649 527 786 552 personas
799 518 947 552 pestiferas
962 518 989 543 in
1002 524 1080 552 pote-

141 554 243 576 statem
261 559 311 576 seu
330 559 471 577 carcerem
484 552 683 586 episcoporum
700 554 763 578 aut²
777 552 973 586 inquisitorum
992 553 1079 578 dicto-

140 584 228 617 rum3,
238 584 283 611 vel
293 585 329 610 ad
339 585 440 618 locum,
452 586 487 612 de
498 594 554 620 quo
565 586 618 620 ipsi
629 587 673 612 vel
683 587 769 621 aliqui
781 596 814 613 ex
828 587 867 613 eis
878 587 1081 619 mandaverint,

140 619 212 644 infra
233 619 389 645 eorundem
411 620 588 646 dominorum
610 621 799 655 potestatem4
820 621 864 648 vel
881 626 1021 648 rectorum
1043 622 1082 647 di-

141 653 266 679 strictum
285 654 388 680 ducant
404 655 449 680 vel
469 655 532 680 duci
551 655 653 681 saciant
676 656 735 681 sine
757 665 844 688 mora,
867 656 913 682 ubi
936 665 986 690 per
1007 657 1081 682 viros

140 688 293 714 catholicos
318 697 334 713 a
358 689 492 722 praefatis
521 690 662 724 episcopis
689 698 742 723 seu
771 690 981 724 inquisitoribus
989 691 1008 723 ὃ,
1037 691 1083 717 vel

141 730 238 748 eorum
261 723 357 757 aliquo
383 723 535 757 deputatos
565 724 617 750 sub
646 729 723 750 arcta
748 729 775 750 et
801 725 927 758 diligenti
953 726 1082 751 custodia

141 761 298 789 teneantur,
320 757 411 784 donec
436 766 534 784 eorum
555 759 701 792 negotium
722 767 773 793 per
791 760 927 786 ecclesiae
949 760 1081 785 iudicium

141 791 315 824 terminetur,
333 796 420 826 utque
439 792 474 818 de
493 793 604 819 haeresi
618 802 634 819 a
648 794 818 819 dioecesano
836 794 970 828 episcopo
984 795 1029 820 vel
1043 795 1081 820 in-

142 825 277 859 quisitore
287 834 337 852 seu
349 826 561 860 inquisitoribus
573 827 776 854 condemnatos
787 829 904 862 praefati
915 834 1081 862 potestates,

141 860 264 886 dominiG
281 861 451 894 temporales
469 862 528 887 sive
545 866 684 894 rectores,
700 863 745 888 vel
763 871 860 889 eorum
879 863 1012 889 officiales
1033 872 1081 889 seu

140 895 234 920 nuncii
247 895 301 920 sibi
315 895 427 921 relictos
438 896 533 921 statim
547 896 699 930 recipiant?
712 897 827 923 indilate
839 898 1081 923 animadversione

141 929 238 954 debita
250 930 419 963 puniendos,
437 939 493 956 non
511 931 690 957 obstantibus
704 932 941 965 appellationibus
955 941 1005 958 seu
1019 940 1081 966 pro-

141 964 354 990 clamationibus
376 965 584 998 praedictorum
602 966 747 999 nequitiae
769 966 897 998 filiorum,
920 975 1007 1000 quum
1025 972 1082 992 tani

142 998 297 1024 secundum
315 999 522 1025 ordinationem
539 1000 791 1033 praedecessorum
810 1006 979 1033 nostrorum,
998 1010 1082 1035 quam

140 1032 295 1058 secundum
308 1033 402 1067 legem
416 1034 592 1068 imperialem
602 1035 800 1068 appellationis
815 1040 842 1061 et
855 1036 1082 1069 proclamationis

140 1067 310 1093 beneficium
323 1076 457 1102 expresse
471 1069 506 1094 sit
523 1069 672 1095 haereticis
691 1074 719 1095 et
732 1070 922 1102 credentibus,
939 1078 971 1095 ac
985 1078 1082 1096 eorum

141 1102 380 1135 receptatoribus,
414 1103 571 1128 fautoribus
605 1108 632 1129 et
662 1103 859 1130 defensoribus
894 1104 1082 1130 interdictum.

140 1136 325 1162 Prohibemus
344 1145 459 1171 quoque
477 1137 629 1163 districtius
653 1139 850 1171 potestatibus,
873 1139 994 1164 dominis
1013 1144 1081 1165 tem-

140 1171 283 1204 poralibus
309 1175 337 1197 et
361 1172 516 1197 rectoribus
542 1173 773 1206 eorundemque⁵
802 1173 968 1199 officialibus
998 1182 1082 1207 supra

141 1205 232 1237 dictis,
245 1214 280 1231 ne
294 1206 347 1240 ipsi
362 1206 397 1232 de
410 1206 464 1231 hoc
477 1206 602 1239 crimine,
617 1216 703 1241 quum
717 1216 793 1233 mere
804 1208 839 1233 sit
851 1208 1081 1240 ecclesiasticum,

143 1248 257 1274 quoquo
279 1240 381 1266 modo⁹
403 1246 576 1274 cognoscant
597 1242 642 1267 vel
664 1242 801 1274 iudicent,
827 1243 885 1268 sive
907 1246 1005 1276 captos
1030 1251 1081 1276 pro

140 1274 242 1300 eodem
265 1275 380 1301 crimine
401 1275 511 1309 absque
533 1276 670 1301 dictorum
693 1277 890 1310 episcoporum
912 1277 970 1303 sive
992 1277 1081 1310 inqui-

141 1309 268 1341 sitorum,
286 1314 333 1335 aut
351 1309 451 1336 saltem
469 1310 583 1336 alterius
596 1311 752 1336 eorundem
765 1311 878 1337 licentia
890 1312 934 1337 vel
947 1311 1081 1336 mandato

139 1352 156 1368 a
174 1344 317 1370 carcere10
333 1344 462 1376 liberent,
480 1349 527 1370 aut
545 1345 764 1377 exsecutionem,
782 1345 835 1371 sibi
853 1354 903 1379 pro
922 1345 1081 1371 huiusmodi

141 1378 256 1404 crimine
272 1387 289 1404 a
307 1378 476 1404 dioecesano
494 1379 539 1404 vel
556 1379 768 1413 inquisitoribus
787 1388 837 1406 seu
855 1380 1020 1413 inquisitore
1043 1380 1080 1405 in—

140 1413 273 1445 iunctam,
291 1418 432 1446 prompte,
454 1418 537 1447 prout
554 1414 590 1439 ad
609 1422 689 1439 suum
707 1418 816 1448 spectat
835 1414 967 1446 officium,
990 1414 1082 1440 facere

141 1455 191 1473 seu
204 1447 360 1481 adimplere
374 1447 544 1480 detrectent,
562 1448 607 1474 vel
624 1448 692 1474 alias
707 1449 940 1475 dioecesanorum
948 1450 987 1466 11*
1005 1454 1053 1474 aut
1061 1450 1082 1466 ¹2

140 1481 338 1516 inquisitorum
360 1482 503 1514 iudicium,
525 1483 695 1508 sententiam
716 1491 766 1508 seu
788 1491 955 1517 processum
977 1483 1082 1510 directe

140 1516 186 1542 vel
203 1516 338 1542 indirecte
356 1516 493 1550 impedire
511 1522 701 1550 praesumant.
738 1518 766 1543 Si
785 1518 846 1551 quis
864 1526 930 1544 vero
949 1518 985 1544 de
1001 1526 1082 1552 prae-

142 1550 224 1576 dictis
247 1551 450 1585 potestatibus,
473 1551 594 1577 dominis
617 1552 829 1586 temporalibus,
851 1553 1016 1585 rectoribus,
1037 1553 1082 1578 vel

141 1593 239 1611 eorum
257 1585 424 1611 officialibus
438 1594 488 1611 seu
502 1586 620 1618 ballivis,
639 1591 735 1612 contra
752 1587 898 1621 praedicta
910 1587 1017 1619 fecerit,
1035 1592 1082 1612 aut

140 1619 269 1654 praefato
300 1620 366 1646 fidei
395 1620 525 1653 negoti0‚
550 1628 636 1654 saepe
661 1621 726 1647 fatis
751 1621 921 1647 dioecesano
947 1622 1081 1655 episcopo

139 1655 185 1680 vel
214 1654 427 1688 inquisitoribus
457 1655 642 1687 incumbenti,
672 1664 702 1681 se
732 1664 877 1689 opponere
905 1655 978 1682 forte
1002 1664 1081 1690 prae-

141 1689 321 1722 sumpserit13
339 1689 383 1715 vel
397 1690 489 1723 ipsum
502 1689 680 1723 aliquatenus
694 1690 840 1724 impedire,
858 1698 910 1716 nec
923 1699 979 1716 non
993 1696 1021 1716 et
1035 1691 1082 1724 qui

141 1723 262 1749 scienter
272 1724 299 1749 in
309 1724 461 1757 praedictis
473 1723 582 1749 dederit
593 1724 724 1750 auxilium
735 1725 881 1750 consilium
887 1725 932 1750 vel
943 1725 1081 1751 favorem:

139 1758 435 1784 excommunicationis
455 1767 485 1784 se
503 1759 611 1785 noverit
629 1767 762 1785 mucrone
780 1767 954 1793 percussum.
992 1760 1082 1793 Quam

139 1792 163 1818 si
187 1801 239 1827 per
263 1801 367 1819 annum
391 1793 484 1818 animo
510 1793 673 1820 sustinuerit
702 1794 849 1828 pertinaci:
879 1799 981 1820 extunc
1005 1795 1082 1820 velut

140 1827 298 1854 haereticus
312 1827 525 1854 condemnetur.

540 1889 612 1909 CAP.
627 1889 685 1909 XIX.

139 1925 203 1943 Bona
218 1924 382 1943 haereticorum
397 1924 445 1948 ipso
460 1924 508 1943 iure
522 1925 574 1943 sunt
588 1924 715 1947 confiscata,
727 1924 786 1948 quod
800 1924 907 1948 probatur
921 1924 1005 1948 triplici
1020 1930 1083 1948 argu-

140 1951 216 1969 mento
235 1950 309 1973 legali.
337 1949 381 1969 Sed
401 1950 549 1973 apprehensio
568 1950 678 1968 bonorum
697 1950 745 1969 fieri
764 1956 810 1968 non
829 1950 895 1969 debet
913 1955 953 1974 per
967 1950 1083 1969 dominum

139 1976 284 2000 saecularem,
304 1976 348 1995 nisi
370 1976 431 2000 prius
450 1976 622 1999 pronunciatum
641 1976 708 1994 fuerit
726 1981 792 2000 super
810 1976 904 1995 crimine
927 1982 967 2000 per
985 1976 1082 1996 iudicem

332 2002 516 2024 ecclesiasticum,
527 2002 565 2026 qui
575 2002 617 2021 hoe
626 2002 703 2026 possit.
730 2002 809 2021 Ioann.
820 2002 890 2021 Andr.

560 2052 660 2078 Idem.

210 2096 316 2130 Quum,
335 2095 490 2121 secundum
507 2095 586 2129 leges
605 2095 714 2128 civiles,
732 2095 868 2128 nefarias,
886 2100 1002 2122 naturae
1016 2104 1080 2122 con-

141 2131 253 2163 trarias,
282 2130 421 2156 incestasl
450 2130 562 2164 nuptias
593 2131 791 2156 contrahentes
820 2138 855 2156 eo
881 2130 941 2164 ipso
967 2139 1080 2156 suarum

140 2165 295 2191 dominium
319 2173 411 2191 rerum
436 2165 597 2199 perdant2·,
623 2169 650 2190 et
674 2164 788 2196 mulier,
811 2164 963 2190 humanam
987 2165 1081 2199 legem

140 2199 364 2233 transgrediens,
394 2203 436 2231 et,
465 2199 633 2233 praesertim
663 2199 827 2233 parentibus
853 2200 909 2225 suis
934 2208 990 2225 non
1015 2208 1079 2225 con-

140 2234 340 2266 sentientibus,
363 2233 483 2268 raptoris
506 2233 618 2268 nuptias
640 2234 764 2267 eligens,
786 2234 861 2259 bona
878 2234 984 2266 omnia,
1008 2242 1079 2267 quae

139 2278 190 2304 per
211 2269 305 2302 legem
326 2268 379 2294 sibi
402 2268 574 2294 obvenerant
595 2277 612 2294 a
633 2273 746 2302 raptore
767 2276 799 2293 ac
820 2268 881 2294 aliis
903 2268 1079 2294 consortibus

140 2305 262 2338 raptus³,
287 2303 348 2337 ipso
373 2303 432 2329 iure
457 2302 581 2335 amittat,
610 2307 746 2336 certoque
775 2310 841 2328 casu
866 2302 1028 2329 deferantur
1052 2303 1079 2328 in

141 2339 248 2371 fiscum,
270 2346 303 2364 ac
326 2337 411 2363 etiam
433 2337 543 2363 illicitas
566 2337 675 2371 species
699 2337 895 2369 transvehens,
917 2342 966 2363 aut
987 2345 1079 2363 rerum

140 2378 284 2399 vectarum
308 2372 516 2406 professionem
540 2372 672 2398 omittens
697 2371 851 2397 earundem
872 2371 1031 2405 specierum
1052 2376 1079 2398 et

140 2416 232 2433 rerum
256 2407 445 2441 proprietate4
470 2406 524 2432 hoc
548 2406 609 2440 ipso
635 2406 772 2440 privetur,
797 2410 825 2432 et
847 2405 915 2432 fisco
937 2414 1030 2432 rerum
1052 2410 1080 2432 et

141 2443 299 2476 specierum
313 2441 450 2466 dictarum
463 2441 621 2474 proprietas
636 2440 808 2474 acquiratur:
831 2440 907 2465 bona
924 2440 1079 2466 haeretico-

139 2485 211 2509 rum,
226 2476 272 2510 qui
286 2476 408 2509 gravius,
422 2475 580 2500 horribilius
594 2483 627 2501 ac
638 2474 834 2501 detestabilius
846 2483 930 2508 quam
943 2475 1079 2508 praedicti

141 2511 321 2545 delinquunt,
346 2511 408 2544 ipso
434 2509 492 2535 iure
515 2509 550 2535 de
573 2509 688 2535 fratrum
710 2514 870 2535 nostrorum
892 2509 1008 2535 consilio
1032 2509 1079 2535 de-

140 2545 296 2572 cernimus5
313 2544 475 2570 confiscata.
513 2544 727 2570 Confiscationis
745 2548 839 2569 tamen
856 2544 1017 2569 huiusmodi
1035 2552 1080 2570 ex-

141 2580 248 2606 secutio
266 2579 312 2605 vel
329 2579 468 2604 bonorum
486 2578 610 2612 ipsorum
624 2578 770 2612 occupatio
789 2578 848 2604 fieri
862 2586 918 2603 non
932 2578 1018 2604 debet
1031 2587 1081 2612 per

140 2615 281 2649 principes
295 2618 342 2639 aut
355 2614 423 2639 alios
437 2613 567 2638 dominos
581 2613 751 2646 temporales
762 2613 837 2638 iuxta
848 2612 976 2645 Gregorii
989 2613 1080 2646 Papae

140 2648 370 2684 praedecessoris
395 2648 483 2673 nostri
508 2647 740 2679 declarationem,
769 2651 921 2681 antequam
949 2655 1000 2681 per
1024 2647 1080 2681 epi-

141 2692 259 2718 scopum
272 2683 335 2715 loci,
348 2682 393 2708 vel
406 2682 490 2708 aliam
504 2690 655 2716 personam
668 2681 897 2712 ecclesiasticam,
911 2689 983 2715 quae
997 2689 1082 2715 super

139 2719 195 2744 hoc
222 2718 326 2744 habeat
350 2721 535 2751 potestatem,
565 2716 705 2742 sententia
729 2724 814 2750 super
838 2716 941 2742 eodem
967 2716 1081 2742 crimine

140 2752 225 2779 fuerit
237 2752 423 2787 promulgata.

209 2841 266 2864 Tit.
284 2841 335 2864 111.
375 2838 399 2871 a)
412 2838 560 2864 Decretalis
573 2837 639 2862 edila
652 2836 701 2869 fui!
714 2837 740 2862 in
753 2836 792 2862 (lie
805 2836 960 2862 ascensionis
972 2837 1082 2862 Domini

541 267 649 294 SEXTI
668 267 876 295 DECRETAL.
897 268 963 294 LlB.
982 268 1016 294 V.
1035 268 1105 295 TIT.
1125 269 1156 294 ll.
1176 269 1219 295 111.
1239 269 1290 295 DE
1309 269 1572 296 SCHISMATICIS.
1591 277 1614 296 c.
1636 278 1658 296 1.

1993 269 2059 296 1078

1517 349 1533 368 C
1540 349 1558 368 A
1566 349 1590 367 P.
1604 349 1652 369 XX.

1115 378 1139 396 In
1161 384 1227 397 causa
1245 378 1344 397 haeresis
1364 379 1491 402 proceditur
1510 379 1642 402 simpliciter
1656 380 1678 398 et
1693 379 1720 398 de
1734 379 1807 403 planti.
1819 381 1840 398 et
1855 379 1915 398 dicta
1929 380 2019 398 testium
2035 381 2058 398 et

1115 407 1270 423 accusaturum
1281 410 1325 423 nou
1336 405 1485 428 publicantur,
1497 405 1515 423 si
1527 405 1651 429 periculum
1662 406 1774 424 timeatur.
1793 405 1848 424 H-d.
1856 405 1978 425 secuudum
1989 406 2056 424 Zenz.

1538 442 1636 468 Idem.

1185 480 1294 506 Statuta
1312 480 1452 514 quaedam
1474 480 1562 506 felicis
1581 481 1783 507 recordationis
1802 482 1968 514 Innocentii,
1990 481 2054 507 Ale-

1116 514 1214 540 xandri
1225 515 1268 540 etl
1281 515 1432 541 Clementis
1444 515 1696 548 praedecessorum
1707 520 1875 548 nostrorum,
1887 516 2055 550 quibusdam

1118 549 1266 575 declaratis
1289 554 1316 575 et
1338 549 1455 581 additiS,
1478 555 1672 582 recensentes,
1696 550 1888 583 concedimus,
1913 550 1989 583 quod
2011 551 2056 576 in2

1118 583 1305 617 inquisitionis
1330 584 1489 609 haereticae
1514 585 1660 617 pravitatis
1685 584 1799 618 negotio
1826 585 1940 618 procedi
1966 585 2056 618 possit

1119 618 1282 652 simpliciter
1292 623 1319 644 et
1331 618 1366 643 de
1378 618 1470 652 plano,
1481 623 1509 643 et
1519 619 1627 652 absque
1637 619 1837 645 advocatorum
1847 627 1880 644 ac
1891 619 2056 645 iudiciorum

1118 652 1235 686 strepitu
1254 658 1281 678 et
1300 653 1397 685 figura.
1434 653 1563 678 Iubemus
1583 658 1685 685 tamen,
1705 653 1790 687 quod,
1809 654 1831 679 si
1844 654 2053 679 accusatoribus

1117 687 1161 712 vel
1192 687 1311 713 testibus
1341 687 1368 712 in
1397 695 1481 712 causa
1505 687 1630 713 haeresis
1656 688 1904 714 intervenientibus
1930 696 1980 714 seu
2007 688 2055 714 de-

1118 721 1290 755 ponentibus
1308 725 1424 755 propter
1442 721 1595 755 potentiam
1609 730 1805 755 personarum,
1823 727 1920 748 contra
1933 731 2002 756 quas
2016 723 2055 748 in-

1118 756 1243 789 quiritur,
1260 756 1374 781 videant
1388 756 1538 789 episcopus
1552 756 1596 781 vel
1609 756 1788 789 inquisitores
1802 765 1887 790 grave
1900 757 2055 790 periculum

1118 790 1273 822 imminere,
1291 790 1313 815 si
1328 790 1471 823 contingat
1490 790 1549 816 fieri
1567 791 1786 824 publicationem
1799 792 1942 817 nominum
1956 800 2055 818 eorun-

1117 824 1192 856 dem,
1217 825 1342 858 ipsorum
1366 824 1496 850 nomina³
1521 833 1576 849 non
1601 825 1727 858 publice,
1751 825 1802 850 sed
1828 830 1936 852 secreto
1961 834 2056 851 coram

1119 859 1288 884 dioecesano
1301 859 1445 892 episcopo,
1458 859 1511 891 vel,
1526 867 1559 884 eo
1573 859 1700 891 absente,
1714 859 1801 893 ipsius
1815 860 1927 892 vicario,
1942 860 2055 894 quando

1119 893 1299 926 inquisitores
1324 893 1492 927 procedunt,
1519 893 1631 926 quando
1654 902 1720 919 vero
1746 894 1873 927 procedit
1895 895 2056 928 episcopus,

1118 936 1211 953 coram
1237 927 1463 961 inquisitoribus,
1493 927 1516 952 si
1546 928 1642 953 haberi
1668 928 1815 954 commode
1840 929 1944 962 possit4
1974 929 2056 963 copia

1118 961 1283 994 eorundem,
1301 970 1334 987 ac
1351 962 1540 993 nihilominus,
1559 962 1617 988 sive
1636 962 1785 996 episcopus
1804 962 1862 988 sive
1876 963 2055 997 inquisitores

1118 996 1316 1030 processerint,
1339 996 1479 1030 aliquibus
1502 996 1562 1021 aliis
1584 997 1712 1030 personis
1734 997 1857 1030 providis
1880 1002 1908 1023 et
1930 998 2054 1023 honestis

1118 1031 1242 1064 iurisque
1260 1031 1367 1064 peritis,
1386 1038 1456 1064 quas
1474 1030 1510 1056 ad
1528 1031 1581 1056 hoc
1598 1031 1701 1063 vocari,
1719 1036 1747 1056 et
1760 1031 1801 1057 eis
1818 1039 1868 1065 per
1886 1036 1975 1057 toturn
1992 1040 2056 1066 pro-

1118 1073 1238 1097 cessum,
1252 1073 1337 1099 super
1350 1073 1405 1098 quo
1420 1065 1633 1090 deliberandum
1647 1069 1699 1097 est,
1719 1066 1825 1091 seriose
1838 1066 2010 1092 manifestari
2023 1075 2056 1092 ac

1118 1100 1291 1133 integraliter
1307 1099 1448 1133 explicari,
1467 1104 1495 1125 et
1513 1099 1548 1125 de
1566 1099 1690 1133 ipsorum
1709 1100 1824 1125 consilio
1838 1100 1874 1125 ad
1887 1101 2055 1126 sententiam

1119 1134 1164 1160 vel
1177 1134 1442 1160 condemnationem
1456 1133 1571 1167 procedi
1585 1134 1722 1166 volumus,
1739 1134 1938 1168 exprimantur,
1952 1135 2057 1169 sicque,

1118 1170 1185 1201 (non
1203 1168 1343 1200 obstante,
1362 1168 1439 1202 quod
1457 1168 1519 1200 illis,
1537 1173 1633 1194 contra
1651 1177 1722 1202 quos
1740 1169 1900 1194 huiusmodi
1918 1169 2055 1203 deposue-

1117 1208 1190 1235 runt,
1203 1202 1316 1228 nomina
1329 1202 1471 1236 ipsorum5
1484 1211 1539 1227 non
1553 1202 1655 1228 fuerint
1668 1203 1828 1236 publicata,)
1840 1203 2007 1229 adhibeatur
2019 1204 2057 1229 ad

1117 1237 1307 1271 cognitionem
1321 1237 1420 1262 iudicis
1433 1237 1626 1263 instruendam
1643 1238 1727 1271 plena
1745 1237 1815 1263 fides
1830 1238 2055 1272 depositionibus

1118 1272 1230 1297 testium
1241 1271 1404 1297 eorundem.
1430 1272 1465 1297 Et
1476 1276 1505 1296 ut
1516 1271 1686 1297 eorundemU
1699 1276 1892 1298 accusatorum
1903 1277 1931 1298 et
1942 1273 2055 1298 testium

1117 1306 1248 1340 periculis
1271 1306 1413 1332 efficacius
1436 1311 1604 1338 occurratur,
1627 1311 1655 1332 et
1676 1307 1783 1332 cautius
1801 1306 1845 1332 in?
1868 1307 2056 1340 inquisitionis

1117 1341 1232 1374 negotio
1262 1340 1443 1374 procedatur:
1473 1340 1630 1374 praesentis
1660 1341 1866 1366 constitutionis
1892 1342 2057 1367 auctoritate

1118 1375 1332 1409 permittimusS,
1363 1374 1439 1408 quod
1469 1374 1620 1408 episcopus
1644 1375 1689 1401 vel
1713 1375 1892 1409 inquisitores
1918 1381 2057 1402 secretum

1118 1409 1227 1443 possint
1238 1409 1360 1435 indicere
1371 1409 1434 1441 illis,
1448 1409 1559 1443 quibus,
1571 1410 1611 1442 (ut
1621 1409 1808 1443 praemissum
1818 1411 1882 1442 est),
1892 1418 2056 1444 processum

1118 1444 1277 1469 huiusmodi
1291 1443 1479 1478 explicabunt,
1498 1448 1526 1469 et
1539 1444 1567 1469 in
1580 1452 1639 1476 eos,
1657 1444 1679 1469 si
1693 1452 1795 1470 arcana
1808 1445 1916 1470 consilii
1930 1453 1979 1470 seu
1992 1453 2056 1478 pro—

1118 1487 1224 1511 cessus,
1248 1478 1300 1504 sibi
1323 1478 1374 1504 sub
1397 1483 1507 1504 secreto
1529 1478 1564 1504 ab
1587 1478 1696 1504 eisdem
1719 1478 1854 1512 episcopo
1876 1479 1921 1505 vel
1942 1479 2056 1513 inquisi-

1117 1513 1226 1538 toribus
1240 1513 1390 1546 patefacta,
1404 1518 1515 1546 praeter
1526 1521 1623 1538 eorum
1636 1513 1777 1538 licentiam
1787 1513 1848 1539 aliis
1862 1513 2056 1547 patefecerint,

1117 1547 1415 1573 excommunicationis
1433 1547 1611 1579 sententiam,
1633 1555 1718 1580 quam
1735 1556 1769 1573 ex
1787 1548 1887 1573 secreti
1906 1548 2056 1574 violatione

1117 1582 1179 1615 ipso
1193 1581 1269 1607 facto
1283 1582 1431 1613 incurrant,
1446 1582 1479 1615 (si
1494 1582 1533 1607 eis
1547 1581 1680 1615 expedire
1693 1582 1852 1615 videbitur,)
1867 1582 2058 1616 promulgare,

1118 1617 1157 1642 sic
1183 1621 1285 1648 tamen,
1312 1616 1389 1650 quod
1415 1616 1594 1649 inquisitores
1620 1616 1798 1650 episcopum,
1823 1616 1867 1642 vel
1889 1617 2058 1651 episcopus²’

1117 1651 1296 1684 inquisitores
1314 1659 1371 1676 non
1388 1651 1628 1676 excommunicent
1646 1651 1698 1676 hac
1716 1651 1751 1676 de
1769 1659 1862 1683 causa,
1884 1651 1935 1677 sed
1953 1651 2005 1685 ipsi
2023 1659 2056 1677 ex

1117 1685 1240 1711 iniuncto
1259 1694 1292 1711 ex
1309 1686 1413 1710 nunc10
1430 1694 1446 1710 a
1462 1685 1544 1711 nobis
1563 1685 1615 1710 sub
1633 1685 1734 1711 virtute
1752 1690 1865 1711 sanctae
1879 1685 2058 1711 obedientiae

1118 1719 1275 1745 districto11
1304 1724 1456 1754 praecepto
1486 1719 1523 1745 ad
1552 1723 1691 1745 secretum
1715 1720 1876 1745 huiusmodi
1901 1724 2057 1746 teneantur.

1118 1754 1254 1780 Cessante
1267 1763 1334 1780 vero
1352 1754 1477 1788 periculo
1495 1763 1580 1788 supra
1594 1754 1679 1786 dicto,
1696 1759 1890 1780 accusatorum
1903 1759 1931 1780 et
1945 1754 2058 1780 testium

1117 1789 1240 1821 nomina,
1258 1794 1342 1823 prout
1359 1789 1386 1814 in
1403 1789 1464 1814 aliis
1482 1789 1517 1814 sit
1535 1788 1652 1821 iudiciis,
1671 1789 1883 1822 publicenturl'ss'.
1926 1789 2057 1815 Ceterum

1119 1823 1145 1849 in
1167 1823 1210 1849 his
1231 1823 1360 1849 omnibus
1383 1823 1602 1857 praecipimus13
1625 1827 1682 1848 tam
1699 1823 1850 1857 episcopos
1869 1832 1953 1857 quam
1970 1823 2058 1857 inqui-

1118 1858 1219 1884 sitores
1244 1867 1343 1892 puram
1368 1862 1396 1884 et
1421 1858 1569 1892 providam
1599 1857 1783 1883 intentionem
1811 1858 1929 1890 habere,
1958 1866 1994 1884 ne
2022 1858 2059 1884 ad

1118 1897 1313 1918 accusatorum
1342 1893 1386 1918 vel
1415 1893 1530 1918 testium
1562 1892 1676 1918 nomina
1700 1892 1913 1926 supprimenda,
1942 1893 1989 1918 ubi
2014 1897 2058 1919 est

1118 1928 1264 1960 securitas,
1282 1927 1437 1961 periculum
1456 1935 1519 1953 esse
1537 1927 1640 1959 dicant,
1657 1927 1749 1953 necin
1763 1935 1860 1953 eorum
1868 1927 1891 1945 14
1908 1927 2057 1953 discrimen

1117 1962 1298 1988 securitatem
1314 1966 1451 1994 asserant,
1473 1962 1521 1987 ubi
1539 1961 1594 1987 tale
1611 1961 1767 1995 periculum
1784 1961 1950 1994 immineret,
1972 1970 2058 1995 super

1116 1997 1171 2022 hoc
1184 1997 1339 2023 eorundem
1352 1996 1537 2022 conscientias
1551 2000 1710 2022 onerantes.
1747 1996 1967 2022 Constitutiones
1980 2004 2056 2029 vero,

1117 2031 1309 2057 ordinationes
1331 2036 1359 2057 et
1380 2030 1514 2056 mandata
1534 2031 1588 2056 alia
1612 2030 1866 2064 praedecessorum
1891 2036 2058 2063 nostrorum,

1118 2066 1145 2091 in
1153 2066 1175 2083 1⁵
1193 2066 1308 2099 negotio
1327 2065 1487 2091 haereticae
1504 2065 1648 2099 pravitatis
1662 2065 1745 2097 sacta,
1763 2073 1897 2091 concessa
1911 2073 1959 2091 seu
1973 2065 2057 2091 etiam

1117 2100 1154 2126 ad
1172 2101 1300 2126 consulta
1317 2108 1463 2134 responsa,
1481 2108 1553 2134 quae
1571 2099 1817 2125 constitutionibus
1835 2108 1920 2134 supra
1937 2100 2057 2133 scriptis,

1117 2143 1202 2169 super
1219 2135 1320 2161 eadem
1337 2134 1421 2160 editis
1439 2134 1586 2168 pravitate,
1605 2142 1661 2159 non
1679 2134 1802 2167 obvient,
1820 2134 1847 2160 in
1865 2143 1915 2160 suo
1928 2134 2056 2160 volumus

1116 2170 1218 2196 robore
1231 2177 1405 2203 permanere.

1434 2223 1658 2252 TITULUS
1686 2223 1736 2251 ΠΙ.

1392 2272 1448 2298 DE
1468 2272 1781 2298 SCHISMATICIS.

1519 2325 1593 2344 CAP.
1609 2325 1662 2344 ΕΝ.

1114 2356 1139 2374 In
1158 2355 1230 2379 prima
1248 2357 1311 2379 parte
1328 2355 1392 2378 ponit
1410 2360 1517 2379 :trengam
1531 2360 1601 2379 usque
1615 2355 1643 2374 ad
1658 2360 1716 2374 vers.
1730 2355 1837 2374 Iacobum
1851 2354 1964 2376 videlicet,
1979 2355 2001 2373 in
2016 2360 2059 2378 qun¹

1115 2382 1176 2403 dicit.
1189 2381 1247 2405 quod
1259 2381 1421 2400 Columnenses
1430 2381 1525 2400 Iacobus
1536 2383 1558 2400 et
1571 2381 1657 2404 Petrus,
1668 2381 1722 2400 olim
1737 2381 1863 2399 cardinales
1873 2383 1895 2399 et
1907 2380 1946 2399 filii
1958 2381 2057 2402 Ioannisv

1115 2408 1195 2426 fratres
1210 2407 1297 2426 scilicet
1311 2407 1365 2425 dicti
1379 2407 1447 2431 Petri,
1464 2407 1547 2426 diutius
1562 2407 1692 2430 exspectati,
1704 2407 1825 2425 noluerunt
1839 2406 1867 2425 ad
1883 2406 2003 2429 cori-edire,
2018 2406 2057 2425 sed

1114 2434 1138 2452 in
1149 2433 1283 2457 profundum
1294 2433 1403 2451 malorum
1414 2433 1575 2452 descendentes
1585 2438 1625 2452 sua
1634 2433 1785 2456 aggravabant
1796 2432 1890 2453 delicta:
1905 2437 1973 2455 quare
1983 2432 2057 2450 varias

1115 2464 1198 2483 poenas
1209 2459 1293 2477 tulitin
1304 2464 1348 2481 eos.
1360 2464 1414 2482 quas
1424 2459 1452 2477 atl
1464 2459 1622 2478 certitudinem
1637 2459 1788 2482 praesentium
1799 2460 1820 2477 et
1831 2458 1961 2476 memoriani
1972 2458 2055 2476 futuro-

1115 2491 1163 2504 rum
1178 2485 1214 2503 hic.
1229 2485 1315 2503 inserit.
1343 2483 1447 2503 Secundo
1461 2485 1524 2508 ponit
1538 2490 1629 2508 poenas,
1644 2490 1698 2508 quas
1713 2484 1804 2508 protulit
1814 2484 1837 2502 in
1852 2484 1911 2507 ipsos
1920 2483 2025 2502 Iacobum
2037 2485 2057 2502 et

1114 2511 1213 2533 Petrum,
1230 2516 1299 2534 usque
1314 2510 1409 2529 advers.
1429 2510 1513 2529 Contra
1527 2512 1599 2529 natos.
1626 2510 1660 2529 Ibi
1675 2510 1742 2529 tertio
1757 2510 1819 2533 ponit
1833 2514 1923 2533 poenas,
1938 2514 1992 2532 quas
2007 2509 2058 2527 tulit

1116 2539 1194 2555 contra
1208 2536 1265 2555 tilios
1280 2538 1302 2555 et
1316 2537 1416 2559 posteros
1431 2536 1486 2555 dicti
1501 2536 1598 2558 loannis.
1609 2541 1679 2559 usque
1689 2535 1717 2554 ad
1727 2541 1784 2554 vers.
1804 2536 1906 2553 Omnem.
1935 2535 1968 2553 Ibi
1978 2536 2057 2558 quarm

1115 2563 1211 2586 imponit
1220 2567 1304 2585 poenas
1315 2562 1349 2585 iis,
1360 2562 1398 2585 qui
1413 2562 1440 2581 de
1456 2564 1530 2581 cetero
1545 2562 1669 2581 deliberate
1684 2562 1755 2580 dictos
1766 2561 1871 2579 Iacobum
1886 2563 1907 2579 et
1918 2561 2007 2579 Petrum
2018 2566 2058 2584 pro

1117 2588 1270 2607 cardinalibus
1285 2588 1412 2612 habuerint,
1423 2588 1459 2607 vel
1473 2589 1506 2607 eis
1520 2588 1556 2607 vel
1570 2587 1691 2612 praedictis
1706 2587 1763 2605 natis
1777 2587 1867 2605 Ioannis
1882 2586 1981 2605 favorem
1996 2591 2058 2609 prae·

1117 2614 1212 2637 buerint,
1223 2620 1293 2637 usque
1304 2614 1331 2632 ad
1341 2619 1398 2633 vers.
1414 2614 1475 2633 Haec
1487 2616 1508 2633 et
1518 2614 1569 2633 alia.
1598 2614 1632 2632 Ibi
1643 2613 1720 2636 quinto
1731 2614 1752 2631 et
1762 2612 1840 2631 ultimo
1852 2612 1952 2635 ratificat,
1965 2612 2058 2630 innovat

1116 2642 1138 2660 et
1153 2640 1270 2659 coufirmat
1288 2639 1410 2663 praedicta.
1425 2641 1447 2658 et
1462 2645 1488 2659 ea
1506 2640 1615 2663 praecipit
1635 2638 1796 2657 iuviolabiliter
1815 2638 1936 2660 observari,
1955 2639 1977 2656 et
1996 2638 2058 2656 iubet

1128 2666 1214 2685 similes
1224 2671 1328 2685 excessus
1337 2666 1412 2690 puniri
1423 2666 1534 2685 similibus
1544 2665 1622 2689 poenis
1633 2665 1657 2683 in
1667 2666 1786 2688 posterum.
1814 2664 1843 2682 H.
1854 2663 1874 2682 d.
1886 2664 1963 2682 Ioann.
1975 2663 2044 2682 Andr.

1433 2707 1632 2733 Bonifacius
1652 2706 1740 2731 V111.³

1187 2750 1233 2776 Ad
1262 2750 1449 2777 succidendos
1478 2750 1666 2776 infructuosos
1695 2748 1824 2782 palmites
1854 2747 2004 2782 pestiferos
2030 2752 2059 2774 et

1116 2841 1233 2863 extracta
1246 2846 1300 2863 esse
1313 2837 1409 2862 videtur
1422 2845 1453 2862 ez
1465 2837 1519 2861 alia
1532 2836 1617 2861 eodem
1631 2835 1670 2860 die
1679 2835 1821 2868 publicata,
1841 2842 1907 2868 quae
1919 2838 2000 2860 ezslal
2013 2843 2056 2868 ap.

140 2883 157 2899 a
173 2873 313 2906 Bonifacio
331 2874 362 2899 P.
381 2874 412 2898 A.
429 2874 478 2898 ΙΙΙ.
501 2872 600 2906 (1297.)
618 2886 651 2890 —
668 2871 784 2897 Pultltast
803 2880 844 2896 ηο.
861 2878 952 2903 24520.
969 2886 1003 2889 —
1016 2879 1080 2905 quae
1115 2871 1245 2905 Raynald.
1258 2872 1330 2898 Anu.
1343 2872 1378 2896 (ιᾶ
1390 2880 1406 2896 α
1422 2877 1492 2902 1297.
1510 2879 1552 2896 no.
1566 2871 1678 2895 XXXV.

192 2961 245 2980 Tit.
259 2960 288 2979 11.
317 2960 378 2984 Cap.
393 2959 473 2979 XVIII.
501 2958 521 2983 2)
532 2964 582 2978 seu:
597 2957 629 2977 „lc
662 2958 682 2981 3)
693 2958 870 2982 praedictorum:
885 2957 953 2977 ABCD
992 2958 1013 2982 4)
1023 2959 1086 2982 pote-

141 2988 235 3006 statum:
250 2985 311 3009 ACD,-
326 2985 388 3005 adds
402 2986 450 3005 vel:
464 2984 482 3005 A
533 2984 554 3007 5)
565 2983 628 3003 add.:
638 2984 809 3003 ecclesiasticis:
824 2983 840 3003 A
893 2984 913 3008 6)
924 2985 962 3003 aut
972 2983 1042 3003 dom.:
1057 2983 1083 3003 ib.

142 3012 163 3036 7)
174 3013 273 3036 recipere
282 3014 399 3032 tenentur:
408 3012 424 3030 G
449 3012 469 3034 Β)
480 3015 612 3034 eorumque:
623 3009 678 3029 ΑΒΓ
701 3010 722 3034 9)
733 3010 884 3034 aliquatenus:
894 3009 911 3028 A
939 3010 972 3033 10)
981 3010 1084 3033 captione

407 3037 440 3061 11)
450 3037 591 3056 dioecesani:
605 3034 710 3055 ABCDEF
760 3035 792 3059 12¹)
803 3036 850 3055 vel:
865 3035 934 3055 ΑΒΜ*
979 3034 1012 3059 13)
1022 3040 1083 3059 prae-

687 3087 708 3111 2)
723 3087 813 3111 perdat:
827 3086 933 3106 ABCDEF
1000 3086 1021 3109 3)
1036 3087 1083 3106 eius

913 3112 933 3139 5)
944 3112 1084 3134 declaramus

141 3038 178 3057 vel
188 3043 290 3057 carcer-ez
305 3038 356 3057 ABG

143 3065 288 3087 sumpserint:
303 3063 339 3082 ΑΕ

196 3089 257 3113 Cap.
276 3090 334 3109 XIX.

143 3116 211 3140 rapta
225 3116 258 3136 AG

380 3089 399 3113 1)
411 3090 433 3108 et
448 3089 538 3108 iucest.:
553 3087 621 3107 ,4ch

303 3115 323 3140 4)
333 3115 494 3140 proprietatem
504 3115 552 3140 ipso
562 3115 662 3135 amittat:
677 3114 701 3136 C,·
716 3114 764 3138 ipso
774 3114 833 3134 iure:
848 3113 864 3132 A

1119 2958 1167 2977 fore
1177 2958 1297 2977 commissa
1307 2962 1346 2977 seu
1357 2956 1489 2976 confiscata:
1503 2955 1537 2975 Ao

1171 2984 1232 3008 Cap.
1248 2984 1295 3003 XX.
1337 2983 1356 3007 1)
1368 2985 1399 3002 et:
1415 2982 1481 3002 deest:
1495 2982 1530 3000 AB

1118 3012 1220 3029 mantnt:
1234 3009 1250 3028 A
1301 3008 1322 3031 4)
1333 3010 1406 3032 posset
1417 3022 1422 3027 .
1434 3021 1438 3026 .
1450 3022 1455 3026 .
1467 3013 1555 3027 eorum:
1569 3007 1585 3026 Α

1118 3035 1139 3057 7)
1150 3036 1184 3055 in:
1199 3035 1268 3054 deest:
1282 3034 1338 3054 Alth:
1388 3034 1409 3056 8)
1419 3033 1575 3053 concedimus:
1590 3032 1607 3052 A
1651 3033 1672 3056 9)
1681 3033 1797 3057 episcopos
1807 3038 1864 3052 nont
1878 3032 1905 3052 ib.
1950 3034 1983 3057 10)
1993 3035 2058 3053 tunc:

1117 3061 1152 3081 BC
1203 3061 1236 3085 11)
1247 3061 1359 3080 districte:
1373 3059 1451 3081 Atym-¹,-
1465 3059 1533 3078 dcest:
1548 3058 1565 3078 h·
1624 3058 1658 3083 12)
1669 3058 1732 3078 Μαίη·
1746 3064 1775 3078 ne
1790 3064 1829 3083 per
1839 3060 1946 3079 nocentes
1956 3061 1978 3078 et
1987 3059 2058 3079 malos

1119 3087 1265 3106 condemnari
1275 3087 1390 3109 contingat
1400 3086 1493 3104 forsitan
1503 3086 1636 3104 innoeentes
1646 3086 1668 3104 et
1678 3085 1761 3104 bonos:
1775 3084 1791 3104 ii.
1835 3086 1869 3110 13)
1879 3084 1942 3105 adda
1955 3085 2058 3106 volumus

1118 3115 1151 3134 et:
1165 3113 1192 3133 «21.
1246 3112 1278 3138 14)
1290 3112 1423 3133 eorundem:
1437 3110 1470 3131 AG
1520 3110 1553 3136 15)
1563 3116 1640 3137 super:
1655 3110 1681 3130 d).

1595 2980 1615 3006 2)
1626 2982 1660 3000 in:
1675 2980 1743 3000 dccst:
1757 2980 1812 3001 BDE
1875 2980 1970 3005 3)a‹1d..·
1984 2981 2058 3006 expri-

1642 3007 1663 3029 5)
1674 3012 1762 3026 eorum:
1777 3006 1844 3026 ABCE
1894 3007 1914 3031 Β)
1924 3012 2012 3027 eorum:
2028 3007 2060 3027 eh:
