2243 3288
709 705 968 751 LIBER

489 863 713 891 TITULUS
741 864 762 891 I.

464 930 526 955 DE
556 930 791 955 lUDlClIS.

575 1016 647 1035 (ΕΑΓ,
663 1017 679 1035 l.

159 1059 294 1077 Constitutio
318 1059 436 1081 Bonifacii,
461 1065 517 1083 quau
540 1059 613 1082 lmbet,
633 1059 691 1082 quod
715 1060 844 1081 citationes,
869 1060 936 1079 etiam
961 1062 1024 1079 extra
1047 1060 1094 1079 (lies

158 1085 262 1103 solennes
276 1085 364 1108 publice
380 1086 450 1103 sactae
465 1086 492 1103 (le
507 1085 612 1103 mandatu
624 1085 703 1109 l’npnc,
715 1085 737 1103 in
753 1086 867 1104 audientia
882 1086 996 1104 litei-:irum
1008 1088 1095 1110 aposto-

159 1111 251 1129 timi-um
262 1111 297 1129 vel
308 1111 380 1134 papali
392 1111 480 1134 palatiu,
492 1111 571 1129 affixae
582 1111 654 1129 ianuis
666 1111 756 1129 mai-»ris
767 1111 875 1130 ecclcsiae
886 1111 937 1131 loci.
948 1112 971 1130 in
981 1118 1024 1135 quo
1034 1112 1095 1136 Papa

159 1142 208 1154 cum
219 1137 281 1155 curia
291 1142 331 1155 sun
341 1137 408 1159 dogit,
419 1140 505 1155 arn-ient
516 1137 647 1159 vitat1111=,uc
658 1137 675 1155 ‚si
687 1137 713 1156 au
725 1143 774 1155 euni
786 1137 933 1161 personaliter
943 1138 1093 1160 devenissent,

160 1162 301 1185 restringitur
314 1163 341 1180 ad
355 1168 400 1182 eos.
411 1163 448 1186 qui
464 1163 594 1186 impediunt,
611 1168 639 1181 ne
653 1163 681 1181 ad
692 1169 729 1181 eos
745 1164 814 1186 possit
828 1163 904 1182 citatio
919 1164 1044 1188 pervenire,
1058 1164 1093 1183 vel

277 1193 371 1212 quorum
383 1188 521 1207 domicilium
532 1190 579 1207 tute
589 1194 633 1207 non
642 1190 714 1212 potest
724 1189 789 1208 adiri.
817 1189 894 1207 lumin.
905 1189 974 1208 Andr.

297 1255 453 1282 Clemens
472 1256 507 1281 V.
527 1255 558 1281 in
578 1256 725 1282 concilio
745 1257 957 1284 Viennensil.

226 1307 340 1332 Dudum
354 1307 520 1332 Bonsaciusz'
534 1308 608 1340 Papa
622 1308 691 1332 VIII.
705 1308 907 1341 praedecessor
920 1312 1016 1335 noster
1029 1317 1093 1334 con-

159 1342 255 1373 stituit,
270 1346 298 1366 ut
317 1341 472 1373 citationes,
485 1342 652 1367 auctoritate
669 1343 825 1375 apostolica
838 1343 873 1368 de
887 1344 1015 1376 personis
1034 1343 1093 1376 qui-

157 1377 323 1409 buscunque
333 1384 366 1401 ac
379 1376 464 1401 etiam
479 1376 664 1409 undecunque
675 1376 710 1402 ad
724 1377 810 1402 instar
823 1377 977 1402 edictorum
990 1378 1015 1402 in
1029 1378 1093 1403 albo

158 1411 294 1444 praetoris
307 1409 525 1443 propositorum,
535 1410 620 1435 etiam
634 1416 712 1436 extra
725 1411 784 1437 dies
798 1411 939 1443 solennes,
950 1412 977 1437 in
991 1411 1092 1445 quibus

158 1445 275 1470 Romani
299 1444 465 1470 I'ontitices³⁵
488 1452 636 1477 processus
656 1451 861 1471 consueverunt
889 1446 982 1472 facere
1009 1454 1091 1479 gene-

157 1480 239 1511 rales,
254 1479 314 1512 ipso
328 1479 403 1512 Papa
416 1479 573 1516 specialiter
586 1483 613 1504 et
631 1488 665 1504 ex
679 1484 754 1505 certa
768 1480 883 1505 scientia
896 1480 924 1505 id
941 1481 1092 1506 mandante

158 1513 258 1545 factae,
277 1513 303 1538 in
321 1513 537 1546 apostohcarum
555 1513 698 1539 audientia
715 1514 827 1547 publica
846 1515 987 1540 literarum
1005 1515 1049 1540 vel
1066 1515 1092 1540 in

158 1548 249 1582 papali
264 1547 377 1581 palatio,
391 1547 502 1581 publice
520 1547 700 1581 postmodum
713 1548 827 1573 maioris
841 1549 976 1574 ecclesiae
990 1549 1052 1581 loci,
1066 1549 1093 1574 in

158 1590 213 1615 quo
232 1583 373 1607 Romanus
396 1581 523 1607 Pontifex
542 1590 603 1607 etun
623 1591 672 1607 sua
690 1583 764 1608 curia
782 1582 926 1615 residebit,
944 1583 1031 1609 ianuis
1054 1583 1092 1608 af-

159 1616 297 1649 figendae,
310 1616 350 1641 sic
368 1616 477 1641 valeant
495 1620 580 1649 atque
598 1620 703 1642 arctent
723 1617 822 1642 citatos
840 1622 903 1650 post
917 1618 1026 1651 lapsum
1040 1622 1092 1643 ter-

158 1651 288 1682 minum4,
302 1658 395 1684 quem,
413 1650 587 1676 considerata
610 1650 743 1676 distantia
765 1651 898 1683 locorum,
917 1652 1093 1678 citationibus

158 1685 225 1718 ipsis
240 1685 342 1718 apponi
357 1684 519 1710 convenit-⁵·
534 1689 751 1718 competentem,
765 1694 797 1711 ac
811 1686 832 1711 si
847 1685 882 1711 ad
896 1694 946 1711 eos
959 1695 1093 1719 persona-

158 1719 219 1744 liter
233 1719 421 1745 devenissent.
459 1719 529 1752 Quia
548 1727 613 1744 vero
632 1724 766 1745 statutum
785 1720 876 1754 ipsum
894 1721 1094 1747 rationabiliter

158 1753 280 1779 editumG
301 1758 417 1787 propter
433 1753 566 1778 malitiam
583 1754 718 1787 temporis
735 1759 799 1779 tunc
812 1754 940 1780 instantis
954 1755 1093 1780 nonnullis

157 1788 239 1813 nimis
253 1788 408 1820 rigorosum
421 1787 541 1813 videtur:
564 1795 624 1819 nos,
638 1788 758 1821 rigorem
773 1789 865 1822 ipsum
877 1789 1093 1815 mansuetudine

159 1827 356 1856 temperantes,
370 1821 444 1847 idem
464 1822 612 1846 statutumT
631 1827 659 1848 et
682 1822 838 1856 praefatum
857 1823 972 1848 modum
991 1823 1091 1849 citandi

158 1856 350 1889 restringimus
369 1856 404 1881 ad
423 1856 484 1881 illos
503 1861 618 1887 tantum,
633 1860 660 1882 et
678 1857 705 1881 in
723 1857 776 1882 illis
794 1857 886 1882 locum
899 1857 1026 1883 volumus
1041 1858 1092 1883 sibi

158 1890 309 1922 vindicare,
323 1890 369 1923 qui
388 1889 499 1921 faciunt,
518 1890 691 1923 impediunt*
708 1891 751 1916 vel
770 1896 919 1924 procurant
936 1900 987 1925 per
1004 1900 1034 1918 se
1048 1893 1092 1918 vel

158 1933 208 1958 per
221 1925 290 1949 alios
305 1932 418 1957 quoquo
432 1924 526 1955 modo,
539 1932 574 1950 ne
587 1924 622 1949 ad
642 1933 690 1950 eos
709 1925 797 1958 possit
811 1925 905 1950 citatio
920 1926 1092 1959 perveniref’,

159 1959 203 1984 vel
221 1967 338 1992 quorum
356 1958 495 1983 domicilia
509 1958 567 1984 sive
585 1959 645 1984 loca
658 1967 714 1984 non
731 1961 878 1992 possuntw
895 1964 953 1986 tute
971 1960 1092 1986 libereve

158 1993 238 2018 adiri.
263 1993 347 2017 Porro
361 1992 396 2023 ei,
410 1993 485 2025 quod
500 1993 572 2018 circa
585 1993 731 2018 citationes
750 1993 908 2019 absentium
922 1998 977 2020 tam
992 1995 1091 2020 diebus

159 2027 322 2053 solennibus
345 2035 427 2060 quam
450 2027 510 2052 aliis
532 2027 650 2052 ecclesia
668 2028 793 2053 Romana
815 2028 932 2054 diversis
951 2037 983 2054 ex
1002 2030 1091 2054 causis

158 2061 325 2087 interdum¹¹
340 2061 432 2086 facere
446 2061 599 2093 consuevit,
610 2070 661 2095 per
673 2066 851 2095 praesentem
865 2063 1092 2090 constitutionem

160 2104 209 2122 seu
223 2095 444 2122 moderationem
458 2096 485 2120 in
498 2095 572 2121 nullo
586 2096 714 2122 volumus
729 2096 867 2130 derogari.

570 2208 586 2227 C
593 2208 611 2227 A
618 2209 642 2227 1¹.
658 2208 685 2227 11.

158 2251 183 2269 ln
197 2251 269 2269 causis
284 2251 350 2270 etiam
366 2251 513 2274 pendentibus
533 2251 708 2275 beneficialibus,
724 2251 868 2274 decimarum,
883 2253 1093 2277 matrimonialibus,

158 2280 179 2296 et
194 2282 317 2299 usurarum,
334 2279 355 2295 et
371 2277 428 2300 ipsas
443 2277 592 2299 tangentibus,
609 2278 699 2301 procedi
714 2280 786 2301 potest
799 2278 931 2301 simpliciter
945 2280 967 2298 et
985 2279 1013 2298 ‹lc-
1027 2279 1093 2303 plano

308 2302 391 2326 absque
401 2303 534 2322 iudiciorum
546 2304 638 2326 strepitu
649 2306 670 2322 et
680 2303 756 2327 figura.
783 2303 862 2323 Ioann.
873 2304 942 2323 Andr.

568 2370 685 2396 1d0m1.

225 2421 445 2456 Dispendiosam
459 2421 687 2455 prorogationem
700 2421 797 2455 litium,
809 2430 893 2456 quam
906 2422 1046 2449 interdum
1060 2432 1093 2450 ex

158 2457 253 2483 subtili
274 2456 379 2481 ordinis
402 2455 535 2481 iudiciarii
558 2456 753 2482 observatione
775 2465 922 2483 causarum
943 2458 1026 2484 docet
1048 2467 1092 2485 ex-

158 2491 294 2526 perientia
316 2490 472 2524 provenire,
490 2490 658 2523 restringere
680 2491 706 2515 in
729 2491 892 2524 subscriptis
915 2492 1025 2518 casibus
1048 2501 1092 2518 cu-

159 2526 278 2560 pientes,
292 2525 447 2555 statuimus,
461 2528 490 2549 ut
508 2524 535 2549 in
553 2524 644 2549 causis
662 2533 745 2558 super
763 2526 956 2559 electionibus,
969 2527 1092 2560 postula-

158 2560 281 2586 tionibus
298 2559 342 2585 vel
359 2558 575 2593 provisionibus,
588 2563 635 2584 aut
653 2566 737 2592 super
756 2559 946 2593 dignitatibus,
959 2569 1092 2594 persona-

158 2595 243 2625 tibus,
261 2593 369 2624 officiis,
387 2593 606 2625 canonicatibus,
623 2593 667 2618 vel
690 2593 858 2626 praebendis
877 2603 925 2620 seu
948 2596 1092 2628 quibusvis

159 2628 302 2654 beneficiis
317 2627 523 2659 ecclesiasticis,
533 2632 580 2652 aut
594 2635 679 2660 super
692 2627 817 2659 decimis,
827 2628 863 2653 ad
877 2637 994 2662 quarum
1007 2630 1093 2656 etiam

158 2662 376 2697 praestationem
390 2666 515 2696 possunt,
530 2662 576 2695 qui
591 2665 719 2687 tenentur
732 2661 768 2687 ad
781 2669 838 2694 eas,
849 2664 1015 2695 praemoniti
1029 2672 1092 2690 cen-

159 2706 224 2723 sura
245 2697 434 2722 ecclesiastica
455 2695 587 2728 coerceri,
604 2703 655 2722 nec
672 2704 728 2721 non
746 2704 830 2729 super
847 2697 1030 2724 matrimoniis
1048 2699 1092 2724 vel

160 2731 258 2763 usuris,
272 2735 299 2756 et
313 2739 361 2756 eas
381 2738 494 2764 quoquo
512 2730 597 2755 modo
615 2730 820 2763 tangentibus-2
838 2731 1015 2765 ventilandis,
1029 2741 1091 2766 pro-

160 2766 222 2792 cedi
235 2765 326 2791 valeat
339 2765 375 2790 de
388 2769 481 2791 cetero
495 2764 658 2798 simpliciter
669 2769 697 2789 et
710 2764 745 2790 de
758 2764 851 2798 plan0‚
862 2773 894 2790 ac
906 2766 964 2791 sine
975 2767 1092 2800 strepitu

160 2799 253 2826 iudicii
271 2804 299 2825 et
316 2799 412 2831 figura,
426 2799 552 2825 volentes
570 2807 626 2824 non
643 2798 733 2824 solum
747 2798 783 2824 ati
801 2798 893 2824 futura
906 2801 1027 2833 negotia,
1041 2801 1092 2827 sed

159 2835 195 2859 ad
214 2834 380 2893 praeseptia,
393 2838 421 2859 et
438 2833 529 2859 adhuc
542 2833 626 2859 etiam
644 2841 694 2867 per
707 2833 923 2867 appellationem
941 2835 1093 2868 pendentia

161 2869 214 2894 hoc
225 2872 305 2894 exten
329 2867 345 2894 i.

211 2989 267 3007 Lib.
282 2988 309 3007 n.
337 2989 389 3007 Tit.
404 2988 421 3006 1.
450 2988 510 3012 Cap.
527 2989 542 3006 Ι.
584 2988 603 3010 1)
614 2989 637 3007 in
648 2988 672 3008 C.
682 2989 776 3009 Vienm:
789 2988 858 3008 deest:
868 2988 913 3009 151⁷.-
931 2989 1008 3008 2'uscr.:
1023 2989 1090 3009 tlcrst:

160 3013 188 3032 A:
202 3014 250 3032 hmc
260 3014 367 3033 ‘Bardulis
377 3016 418 3032 isim
430 3014 479 3033 mitt:
488 3014 627 3033 Cltmcieli‘nus
641 3014 707 3033 alitus
721 3015 915 3038 ac!ramyabalur.:
929 3014 1001 3034 Exstat
1011 3016 1031 3033 in
1043 3016 1090 3034 (sod.

162 3038 237 3061 litqr'm.
258 3040 313 3058 1771.
337 3039 383 3058 Corl.
401 3039 477 3059 (jussal.
497 3039 536 3058 Ma.
556 3041 597 3059 i’ur.
612 3040 653 3064 sol.
665 3042 694 3059 13.

164 3065 246 3083 nonin:
265 3065 310 3083 le.
324 3065 372 3088 Ittq.
387 3065 456 3086 Cass..-
475 3076 498 3079 -
517 3066 544 3089 rs.
555 3072 572 3084 c.
585 3068 601 3084 1.
617 3065 641 3083 dc
656 3066 697 3085 dol.
712 3067 731 3085 (t
745 3066 800 3085 cont.
814 3067 835 3084 ιἰι
847 3066 931 3085 Ειίναυ.
941 3071 1013 3085 mmm.
1025 3068 1051 3089 (ze,
1063 3066 1091 3090 u.)

162 3092 181 3107 ξω
193 3089 252 3107 mbr:
266 3091 446 3112 praedecessores
457 3092 538 3110 nostri:
555 3091 601 3110 Coti.
612 3092 668 3110 Cass.
725 3094 746 3113 A)
757 3093 858 3111 termini:
873 3091 958 3111 ACEGII
1009 3093 1029 3115 5)
1040 3098 1090 3111 con-

163 3116 244 3135 suevit:
258 3114 310 3135 BCI)
319 3115 379 3135 Cvdd.
388 3115 436 3140 ch.
446 3116 501 3136 Cass.
555 3116 576 3141 6)
586 3117 648 3136 <alda
663 3119 707 3138 est:
721 3117 766 3138 (lod.
776 3117 825 3143 Ray.

1125 2991 1231 3010 eandemx
1246 2990 1292 3010 Coa.
1304 2991 1360 3010 Cass.

1125 3016 1171 3035 aad.
1182 3018 1238 3036 Cass.

773 3041 794 3060 2)
809 3041 950 3060 Recolendae
970 3042 1091 3060 memoriae
1126 3043 1176 3061 Dat.
1188 3043 1258 3067 Lugd.
1269 3045 1292 3061 ut
1302 3048 1368 3066 supra
1379 3043 1412 3066 (ut
1421 3049 1480 3067 supa
1494 3042 1561 3062 deest:
1575 3042 1615 3061 Coa!
1623 3042 1693 3066 Caso:
1708 3040 1768 3060 codd.
1779 3040 1828 3063 Iteff.
1838 3040 1895 3058 Cass.

878 3118 898 3144 ῖ)
909 3118 1091 3138 constitutionem
1126 3118 1158 3138 CI)

1022 705 1511 754 SECUNDUS

1451 866 1675 895 TITULUS
1702 866 1738 894 Π.

1350 923 1406 948 ΕΓ,
1428 924 1540 949 FORO
1565 924 1850 950 COMPETENTI.

1530 993 1602 1012 CAI‘.
1618 993 1669 1013 UN.

1130 1026 1239 1045 Concedit
1254 1026 1373 1045 nom-ilium
1389 1028 1449 1046 certo
1464 1033 1516 1046 casu
1531 1028 1641 1052 episcopis
1655 1028 1752 1052 expulsis
1767 1033 1780 1047 n
1794 1027 1839 1046 suis
1853 1027 1949 1050 sedibus,
1964 1027 2023 1050 quod
2042 1027 2065 1046 iu

1129 1052 1184 1070 locis
1203 1052 1297 1071 :iliarum
1317 1053 1444 1072 dioecesum
1462 1055 1549 1072 servata
1563 1054 1641 1077 forma,
1657 1060 1722 1078 quam
1742 1053 1830 1076 limitat,
1846 1053 1930 1077 possint
1944 1053 2065 1076 procedere

1130 1079 1209 1096 contra
1229 1078 1364 1102 expulsores,
1381 1079 1524 1123 consiliat-iot}
1540 1080 1562 1098 et
1580 1080 1684 1124 faffoges'
1701 1082 1723 1098 ct
1741 1080 1800 1098 inter
1819 1079 1919 1098 subditos
1934 1079 1968 1098 ius
1982 1078 2064 1098 dicere.

1527 1110 1592 1124 oann.
1625 1112 1637 1124 n
1657 1111 1674 1124 r.

1267 1146 1421 1172 Clemens
1440 1147 1474 1172 V.
1493 1147 1525 1172 in
1545 1147 1691 1173 concilio
1711 1146 1923 1173 Viennensil.

1198 1188 1332 1222 Quamvis
1345 1189 1431 1214 sacris
1442 1189 1595 1215 canonibus
1606 1190 1640 1216 sit
1654 1190 1822 1224 generaliter
1832 1189 2018 1221 interdictum,
2029 1197 2064 1216 ne

1130 1223 1191 1256 quis
1214 1224 1364 1257 episcopus
1386 1223 1606 1250 iurisdictionem
1623 1225 1650 1250 in
1668 1225 1791 1250 dioecesi
1809 1228 1938 1250 exerceat
1959 1224 2063 1250 aliena:

1129 1265 1180 1282 nos
1195 1262 1288 1283 tamen
1301 1258 1451 1291 episcopis,
1465 1258 1520 1292 qui,
1533 1267 1550 1284 a
1563 1259 1619 1284 suis
1633 1259 1748 1285 sedibus
1762 1258 1903 1292 protervia
1915 1258 2064 1292 impiorum

1129 1291 1246 1325 expulsi,
1265 1300 1321 1317 non
1338 1292 1443 1318 audent
1460 1297 1574 1326 propter
1591 1298 1697 1319 metum
1714 1292 1945 1327 persequentium
1961 1292 1989 1318 in
2007 1293 2063 1318 suis

1129 1326 1286 1352 civitatibus
1300 1327 1344 1352 vel
1363 1326 1539 1353 dioecesibus
1554 1332 1602 1353 aut
1615 1336 1710 1353 earum
1727 1332 1806 1361 parte
1823 1327 1917 1360 aliqua
1929 1326 2063 1359 residere,

1129 1369 1181 1386 nec
1195 1360 1415 1387 iurisdictionem
1428 1361 1464 1386 ad
1478 1369 1508 1387 se
1518 1366 1694 1395 spectantem
1707 1370 1758 1395 per
1768 1370 1799 1388 se
1808 1361 1853 1387 vel
1867 1369 1916 1395 per
1926 1361 2011 1386 alium
2023 1361 2063 1386 in-

1129 1395 1166 1420 ibi
1184 1403 1324 1427 exercere,
1341 1404 1377 1421 ne
1390 1395 1498 1428 iniuria,
1516 1396 1543 1421 in
1561 1404 1657 1422 eorum
1672 1396 1834 1430 expulsione
1853 1395 1979 1429 ipsorum
1996 1395 2063 1421 irro-

1128 1433 1193 1462 gata
1207 1429 1341 1462 ecclesiis,
1352 1430 1405 1455 hoc
1418 1435 1563 1463 praetextu
1574 1435 1716 1456 remaneat
1729 1430 1872 1464 impunita,
1883 1429 2010 1455 duximus
2024 1430 2063 1455 in-

1129 1463 1310 1497 dulgendum,
1324 1468 1353 1489 ut
1367 1464 1394 1489 in
1409 1464 1586 1490 dioecesibus
1601 1465 1708 1496 alienis,
1722 1465 1749 1490 in
1762 1464 1919 1490 civitatibus
1932 1464 2064 1490 videlicet

1129 1498 1173 1523 vel
1195 1497 1263 1524 locis
1286 1498 1440 1531 insignibus
1465 1499 1522 1524 suis
1549 1499 1674 1525 ecclesiis
1699 1499 1887 1531 vicinioribus,
1909 1498 1937 1523 in
1962 1498 2062 1532 quibus

1129 1536 1259 1566 poterunt
1277 1541 1374 1558 secure
1392 1533 1494 1558 morari
1511 1538 1539 1559 et
1557 1533 1777 1559 iurisdictionem
1790 1541 1870 1559 suam
1887 1533 1974 1558 libere
1987 1541 2064 1559 exer-

1129 1575 1201 1599 cere,
1215 1567 1324 1600 possint
1342 1572 1439 1592 contra
1456 1575 1521 1593 suos
1539 1568 1702 1601 expulsores
1720 1572 1748 1593 et
1766 1575 1863 1593 eorum
1875 1567 1902 1592 in
1920 1567 1972 1593 hac
1985 1571 2064 1601 parte

1129 1601 1302 1627 consiliarios
1317 1606 1343 1627 et
1357 1601 1490 1634 fautores,
1505 1602 1669 1635 (dummodo
1683 1602 1809 1628 civitates
1822 1602 1883 1627 vel*2
1896 1602 1958 1627 loca
1969 1601 2062 1627 huius-

1128 1635 1204 1660 modi
1218 1635 1327 1662 eisdem
1341 1636 1547 1670 expulsoribus,
1561 1637 1724 1662 consiliariis
1739 1641 1766 1662 et
1784 1636 1939 1662 fautoribus
1952 1636 2007 1661 sint
2021 1644 2063 1662 se-

1129 1678 1203 1701 cura,
1221 1674 1249 1695 et
1267 1670 1319 1704 ipsi
1341 1671 1527 1704 personaliter
1548 1671 1592 1697 vel
1614 1671 1650 1696 ad
1672 1671 1795 1702 domum,
1814 1670 1908 1696 si.hoc
1927 1674 1986 1696 tute
2004 1670 2062 1696 fieri

1128 1704 1229 1736 valeat,
1242 1704 1365 1738 alioquin
1383 1705 1494 1738 publice
1512 1705 1539 1730 in
1552 1705 1671 1731 ecclesia
1685 1705 1838 1731 cathedrali
1851 1705 1904 1730 loci
1917 1705 1961 1730 vel
1975 1704 2063 1730 dorni-

1129 1738 1182 1763 cilii
1196 1738 1351 1764 eorundem
1365 1739 1439 1764 citati
1453 1739 1576 1773 fuerint,)
1589 1740 1677 1766 libere
1690 1739 1854 1773 procedere,
1864 1743 1946 1773 prout
1959 1738 2064 1765 iustitia

1129 1772 1268 1798 suadebit.
1305 1773 1333 1798 Si
1346 1781 1413 1799 vero
1427 1773 1492 1799 dicti
1507 1774 1631 1808 episcopi
1645 1775 1705 1799 ausi
1718 1782 1774 1799 non
1787 1773 1889 1799 fuerint
1902 1773 2063 1799 huiusmodi

1129 1815 1194 1832 suos
1212 1807 1385 1840 expulsores,
1402 1808 1447 1833 vel
1469 1816 1566 1834 eorum
1588 1809 1759 1834 consiliarios
1780 1812 1828 1834 aut
1846 1808 1969 1834 fautores
1988 1807 2062 1833 dicto

1128 1841 1213 1866 modo
1227 1842 1322 1873 citare,
1335 1842 1379 1868 vel
1396 1842 1450 1875 ipsi
1463 1842 1603 1868 malitiose
1622 1843 1853 1876 impedimentum
1866 1842 2064 1876 praestiterint,

1128 1883 1163 1900 ne
1177 1876 1317 1909 potuerint
1336 1877 1374 1901 sic
1393 1877 1482 1902 citari:
1505 1877 1610 1902 licitum
1627 1877 1661 1902 sit
1680 1877 1786 1902 eisdem
1804 1877 1953 1910 episcopis,
1972 1881 2001 1901 ut
2019 1884 2063 1902 ex-

1129 1909 1266 1943 pulsores,
1284 1910 1456 1936 consiliarios
1474 1914 1502 1936 et
1525 1911 1647 1936 fautores
1666 1911 1783 1937 eosdem
1802 1911 1901 1936 diebus
1923 1910 2062 1944 aliquibus

1129 1944 1273 1969 dominicis
1287 1945 1331 1969 vel
1344 1944 1460 1976 festivis,
1473 1953 1558 1978 quum
1569 1945 1689 1979 populus
1700 1945 1860 1971 convenerit
1871 1944 1907 1970 ad
1921 1945 2022 1977 divina,
2034 1949 2063 1971 ut

1128 1978 1167 2003 sic
1181 1977 1254 2004 facta
1272 1979 1365 2004 citatio
1382 1979 1418 2004 ad
1436 1987 1486 2004 eos
1504 1980 1650 2012 pervenire
1667 1979 1842 2005 verisimilius
1861 1984 2063 2013 praesumatur,

1128 2012 1213 2038 citent
1224 2013 1267 2038 vel
1278 2013 1354 2038 citari
1366 2013 1468 2038 faciant
1482 2014 1594 2047 publice
1604 2014 1631 2039 in
1642 2014 1767 2040 ecclesiis
1778 2013 1921 2039 civitatum
1931 2014 1976 2039 vel
1989 2014 2063 2039 loco-

1128 2055 1189 2072 rum
1211 2047 1359 2080 insignium
1382 2047 1598 2081 praedictorum,
1617 2052 1645 2073 et
1667 2048 1821 2082 procedant
1843 2047 1946 2074 deinde
1967 2053 2064 2074 contra

1128 2081 1206 2115 ipsos
1213 2081 1232 2112 3,
1244 2081 1266 2106 si
1280 2081 1356 2107 citati
1370 2081 1461 2107 taliter
1474 2086 1577 2107 statuto
1591 2082 1659 2116 ipsis
1672 2082 1843 2116 peremtorio
1857 2082 1975 2108 termino
1989 2091 2063 2108 com-

1129 2115 1234 2149 petenti
1253 2124 1346 2141 coram
1364 2116 1471 2142 eisdem
1489 2117 1629 2150 episcopis
1648 2116 1787 2142 noluerint
1804 2124 1976 2150 comparere,
1990 2125 2022 2142 ac
2038 2117 2063 2142 si

1129 2150 1205 2175 citati
1218 2149 1343 2183 legitime
1356 2150 1424 2176 alias
1438 2151 1619 2177 exstitissent.
1644 2151 1759 2177 Eisdem
1771 2151 1857 2177 etiarn
1870 2151 2010 2185 episcopis
2024 2151 2062 2176 in-

1130 2184 1288 2217 dulgemus,
1306 2189 1335 2210 ut
1353 2185 1424 2210 inter
1442 2193 1508 2210 suos
1526 2185 1663 2217 subditos,
1678 2186 1723 2219 (ne
1737 2185 1773 2211 ob
1787 2185 1929 2211 defectum
1941 2184 2064 2212 iustitiae

1129 2218 1309 2252 dispendium
1319 2219 1434 2252 aliquod
1444 2219 1605 2253 patiantur,)
1612 2220 1721 2253 possint
1732 2219 1758 2245 in
1769 2219 1946 2245 dioecesibus
1956 2219 2063 2252 alienis,

1129 2253 1156 2278 in
1170 2253 1271 2286 quibus
1288 2261 1395 2279 moram
1413 2254 1553 2286 traxerint,
1567 2253 1730 2287 (dummodo
1748 2262 1799 2288 per
1811 2262 1842 2280 se
1858 2254 1904 2280 vel
1916 2261 1966 2287 per
1978 2254 2063 2280 aliurn

1129 2287 1181 2312 hoc
1195 2287 1222 2312 in
1235 2288 1292 2313 suis
1306 2287 1424 2321 propriis
1443 2288 1619 2314 dioecesibus
1636 2288 1730 2314 facere
1746 2296 1802 2314 non
1815 2288 1938 2314 audeant
1949 2288 1994 2314 vel
2006 2297 2063 2314 non

1129 2321 1248 2355 possint)
1279 2322 1499 2348 iurisdictionem
1531 2331 1610 2348 suam
1640 2323 1830 2348 omnimodam
1857 2330 2001 2355 exercere,
2025 2323 2064 2349 ita

1129 2361 1231 2388 tamen,
1246 2356 1322 2389 quod
1340 2356 1455 2389 subditi,
1470 2356 1516 2390 qui
1534 2357 1698 2390 expulsores
1712 2357 1757 2383 vel
1770 2365 1867 2383 eorum
1880 2356 2002 2383 fautores
2015 2361 2063 2383 aut

1129 2390 1277 2416 consiliarii
1287 2399 1343 2416 non
1354 2390 1465 2423 fuerint,
1476 2391 1547 2416 ultra
1557 2391 1627 2416 duas
1639 2391 1746 2417 diaetas
1756 2400 1773 2417 a
1782 2391 1836 2417 fine
1847 2399 1914 2417 suae
1925 2391 2062 2417 dioecesis

1128 2433 1185 2450 non
1195 2425 1346 2450 trahantur.
1365 2425 1501 2450 Volumus
1512 2425 1634 2459 insuper,
1641 2429 1670 2451 ut
1680 2430 1746 2452 ante
1756 2425 1849 2451 omnia
1859 2434 1875 2451 a
1886 2425 2062 2452 dioecesanis

1128 2459 1263 2491 locorum,
1284 2459 1312 2484 in
1335 2459 1436 2493 quibus
1458 2467 1566 2485 moram
1589 2460 1730 2491 traxerint,
1754 2464 1851 2493 petant
1872 2460 2011 2485 licentiam
2035 2460 2063 2486 in

1130 2493 1301 2527 praemissis,
1316 2502 1398 2527 quam
1412 2494 1434 2519 si
1449 2494 1575 2520 obtinere
1592 2494 1777 2528 nequiverint,
1790 2494 1945 2528 procedant
1963 2494 2062 2520 nihilo-

1128 2528 1228 2559 minus,
1249 2533 1333 2561 prout
1355 2528 1482 2561 superius
1505 2532 1548 2553 est
1569 2537 1743 2562 expressum.
1779 2528 1861 2561 Sane,
1883 2528 1906 2553 si
1927 2528 2063 2562 praedicti

1129 2562 1254 2596 episcopi
1272 2562 1451 2594 asseruerint,
1469 2570 1500 2588 se
1518 2571 1574 2588 non
1590 2563 1676 2588 fuisse
1698 2571 1782 2588 ausos
1803 2562 1946 2596 praefatos
1968 2563 2062 2596 expul-

1128 2604 1215 2628 sores,
1229 2596 1401 2622 consiliarios
1420 2597 1463 2622 vel
1481 2596 1604 2623 fautores
1623 2597 1806 2631 personaliter
1823 2597 1868 2622 vel
1885 2596 1921 2622 ad
1938 2596 2060 2629 domum,

1128 2635 1175 2656 aut
1197 2631 1318 2664 publice,
1337 2635 1367 2656 ut
1388 2631 1583 2664 praemittitur,
1602 2631 1629 2656 in
1651 2639 1747 2657 eorum
1769 2631 1888 2657 ecclesia
1909 2631 2061 2657 cathedrali

1128 2665 1222 2697 citare,
1233 2665 1277 2691 vel
1291 2665 1366 2698 ipsos
1378 2665 1515 2691 malitiose
1529 2665 1702 2699 praestitisse
1713 2665 1953 2699 impedimentum,
1964 2673 1999 2691 ne
2011 2673 2062 2699 per

1128 2707 1176 2725 eos
1194 2699 1335 2733 potuerint
1353 2699 1392 2725 sic
1410 2699 1496 2732 citari,
1513 2704 1561 2725 aut
1579 2699 1655 2733 quod
1674 2700 1701 2725 in
1719 2700 1775 2725 suis
1793 2699 1970 2725 dioecesibus
1983 2699 2060 2725 iuris-

1129 2733 1280 2760 dictionem
1297 2741 1347 2767 per
1364 2741 1394 2760 se
1411 2734 1472 2759 ve1<1
1494 2742 1544 2767 per
1565 2734 1649 2760 alium
1666 2738 1761 2760 contra
1778 2734 1854 2768 ipsos
1872 2741 2001 2759 exercere
2013 2741 2060 2759 ne-

1129 2772 1234 2801 queunt
1247 2767 1290 2793 vel
1301 2776 1356 2793 non
1366 2768 1482 2794 audent:
1497 2767 1563 2793 stari
1575 2776 1659 2802 super
1669 2768 1711 2794 his
1721 2769 1849 2794 volumus
1859 2767 2060 2793 assertionibus

1128 2802 1290 2834 eorundem,
1308 2802 1377 2836 ipsis
1399 2802 1549 2828 districtius
1572 2802 1748 2835 iniungentes
1768 2802 1820 2828 sub
1838 2801 2060 2828 interminatione

1128 2836 1212 2862 divini
1226 2836 1329 2868 iudicii,
1342 2845 1377 2863 ne
1395 2837 1467 2862 circa
1484 2837 1638 2870 praemissa
1656 2841 1752 2862 contra
1769 2835 1967 2862 conscientiam
1984 2835 2060 2868 quic-

1129 2879 1212 2905 quam
1225 2870 1398 2897 mendaciter
1410 2875 1458 2897 aut
1471 2870 1587 2898 dotose⁵
1603 2875 1730 2897 asserant
1744 2871 1788 2897 vel
1801 2869 1968 2903 confingant.
2004 2869 2058 2894 Eo-

1721 2989 1741 3013 9)
1751 2989 1877 3014 porvoniret
1890 2988 1968 3012 (poss.:
1983 2988 2060 3014 εἰκώς

1439 2991 1460 3014 8)
1470 2992 1508 3011 ant
1518 2991 1582 3016 imp.:
1596 2990 1645 3010 ABG

1954 3014 1986 3038 12)
1997 3015 2045 3034 add.
2052 3022 2059 3034 :

1309 3017 1342 3041 10)
1353 3017 1449 3041 possint:
1463 3017 1490 3036 ib.
1561 3017 1594 3039 11)
1604 3021 1719 3040 processus
1729 3015 1821 3034 interd-2
1835 3013 1885 3033 Aeli

1178 3068 1239 3092 (lap.
1255 3069 1282 3086 Π.
1310 3068 1330 3091 1)
1341 3069 1402 3087 ath:
1417 3069 1439 3087 in
1450 3069 1474 3087 Ο.
1484 3068 1618 3088 Viennensi:
1632 3067 1665 3086 El}
1716 3067 1736 3089 2)
1747 3065 1938 3089 contingentibus:
1952 3064 1969 3084 A

1177 3094 1230 3112 Tit.
1245 3094 1272 3112 11.
1301 3094 1363 3118 cap.
1379 3100 1415 3113 uu.
1444 3093 1464 3117 1)
1475 3094 1548 3112 Idem:
1562 3093 1592 3115 ,1,-
1605 3093 1675 3111 inser:
1688 3091 1754 3111 deest:
1768 3090 1796 3112 F:
1814 3091 1837 3109 iii
1848 3090 1872 3109 C.
1882 3091 1975 3110 Vicum:
1989 3091 2058 3112 deest:

1210 3118 1231 3143 tt)
1241 3121 1274 3139 et:
1289 3118 1341 3139 BEU
1392 3118 1413 3144 3)
1424 3124 1472 3139 eos:
1485 3118 1518 3138 AC
1568 3117 1588 3142 4)
1600 3119 1648 3138 aut:
1662 3117 1688 3137 ὦ.
1739 3117 1760 3141 5)
1770 3116 1892 3136 malitloso:
1907 3116 1958 3136 ,wc
