2243 3288
199 239 247 266 1237

202 316 343 350 quondam
356 317 486 342 abbatem
500 315 639 342 vestrumst
652 314 750 340 suisset
767 313 894 347 quaestio
907 313 999 337 diutius
1012 313 1126 346 agitata,

200 354 217 381 -ζ-
225 350 234 384 [
240 351 354 383 partibus
364 352 461 375 tandem
476 351 510 375 ad
519 355 631 374 nostram
640 348 810 381 praesentiant
823 347 997 372 accedentibus
1010 348 1125 372 dilectum

198 385 278 418 silium
293 390 406 409 nostrum
422 385 455 410 H.
468 385 552 408 saneti
563 383 834 408 Eustachiidiaconum
845 382 1002 406 cardinalem
1016 382 1127 406 dedimus

199 419 346 445 molitorem.
361 420 385 443 in
399 420 469 443 cm'us
484 417 630 450 praesentia
641 425 690 449 pro
708 417 762 449 ipso
776 418 803 440 S.
818 416 902 440 taliter
918 414 966 446 fuit
979 416 1126 448 allcyatum,

199 454 273 486 quod,
291 461 365 486 quum
380 453 483 477 dilectus
494 453 563 485 filius
580 455 664 475 noster
682 451 704 476 I.
718 450 752 474 tit.
766 452 796 475 S.
810 449 984 475 I’utlentianae
997 450 1128 482 presbyter

200 487 347 513 cardinatis.
362 492 420 511 now
433 486 587 518 apostolicae
599 485 664 509 sedis
676 485 782 516 loqutus,
796 484 915 508 intrasse!
926 483 1126 515 Norntanm'am,

199 526 221 545 st
234 529 309 553 super
321 526 387 545 statu
401 521 479 553 ipsias
492 519 607 544 abbatiae
624 527 678 543 cum
693 518 783 543 abbate
799 526 830 542 ac
843 517 970 549 fratribus
988 518 1126 551 inquisitio-

200 563 253 578 nem
278 555 391 579 babuerit
419 555 568 585 diltyentcm,
598 553 659 577 nila'l
686 552 878 585 reprehensione
905 552 1006 584 dianum
1035 552 1126 577 incenit

199 588 302 614 ibidem:
318 589 381 612 sira!
393 597 423 613 cz
440 588 519 612 literis
533 587 613 612 bonae
630 587 765 611 memoriae
780 587 806 611 C.
821 586 910 618 Papae
925 586 1128 618 praedecessoris

199 623 281 646 nostri
299 623 422 647 evidenter
443 626 560 654 apparet,
581 621 671 654 quibus
693 621 771 653 ipsias
792 620 934 645 cardinalis
951 621 1074 651 eonsessio
1092 625 1128 645 est

200 657 303 681 inserta.
346 656 386 681 Eo
412 665 468 680 cero
492 656 650 688 postmodum
675 655 708 680 ab
732 655 786 688 ipso
811 654 964 678 monasterio
989 654 1126 686 recedente,

198 691 286 714 literae
299 690 377 722 ipsius
390 690 424 714 ad
440 690 542 714 dilectos
559 690 628 723 filios
641 690 827 714 'I'roarnensem
845 688 958 713 abbatem
977 692 999 713 et
1012 689 1125 721 priorem

198 726 226 748 S.
241 724 376 748 Barbarae
388 723 566 755 fraudulenter
579 724 694 748 obtentae
705 722 809 754 fuerunt
821 730 898 755 super
910 723 1071 755 inquisitione
1083 723 1126 747 ab·

199 758 262 783 batis
286 762 308 783 et
333 759 406 783 totius
430 758 579 783 monasterii
599 757 727 790 ftu'ienda,
756 757 829 782 nulla
853 757 915 781 data
939 756 1127 790 inquisitoribus

195 797 320 825 potestate
341 793 365 816 in
383 792 498 817 abbatem
515 792 613 826 aliquid
628 791 762 821 statuendi,
785 791 996 824 quemadmodum
1014 800 1044 815 est:
1061 791 1127 815 testi—

200 827 283 850 monio
300 827 407 851 eiusdem
424 827 566 851 cardinalis
586 827 714 859 coltiqitur
734 825 866 850 evidenter.
903 825 1046 850 Praedictis
1067 834 1127 858 erqo

197 860 386 894 inquisitoribus
414 860 589 886 accedentibus
622 861 656 885 ad
683 859 863 884 monasterium
895 864 1071 889 memoratum,
1105 864 1127 883 et

199 895 335 919 rotentibus
354 896 420 928 sines
440 895 556 920 mandati
571 895 688 920 excedere
705 895 730 919 in
746 893 868 925 facienda
885 893 1044 926 inquisitione
1065 893 1127 918 iuris

198 929 287 953 ordine
305 938 354 953 non
371 934 482 961 serrato,
503 930 565 954 idem
581 929 669 959 abbas,
691 933 825 961 antequam
847 927 975 961 inquis-itio
993 928 1128 952 sortiretur

199 962 323 995 effectum,
352 964 432 988 sedem
458 964 625 996 apostolicam
652 962 798 995 appellavit,
827 966 850 986 el
876 962 989 995 quamvis
1014 962 1060 986 iter
1084 970 1127 986 ar-

198 997 315 1030 ripuisset
325 998 359 1022 ad
368 997 511 1022 Romanam
523 998 655 1023 ecclesiam
666 997 785 1027 veniendi,
797 996 858 1021 dicti
866 1000 947 1021 tamen
959 996 1127 1030 inquisitoreS,

199 1040 244 1056 nec
253 1032 422 1065 appellationi
433 1032 617 1057 rationabiliter
630 1031 802 1064 interpositae,
816 1039 896 1064 neque
909 1031 987 1063 ipsius
1000 1030 1128 1054 absentiae

198 1066 237 1090 vet
253 1066 456 1091 excusationibus
473 1066 598 1099 aliquibus
614 1065 761 1097 deferentes,
778 1065 944 1089 destitutionis
961 1065 986 1089 in
1003 1073 1059 1089 eum
1071 1072 1127 1089 sen-

198 1101 301 1124 tentiam
329 1105 420 1125 contra
444 1101 506 1125 iuris
534 1100 646 1125 ordinem
673 1100 879 1132 pronzulqarunt,
908 1099 965 1123 licet
993 1108 1045 1123 non
1067 1107 1127 1131 pro-

200 1134 341 1159 nunciandi
353 1139 465 1167 potestas
482 1135 517 1159 eis
537 1139 599 1159 esset
621 1142 750 1164 concessa,
767 1134 831 1158 sicut
848 1142 878 1158 ez
899 1134 1037 1157 multorum
1051 1141 1128 1166 prae—

198 1168 309 1193 latorum
331 1169 410 1193 literis
430 1169 524 1202 liquido
541 1169 696 1193 declaratur.
733 1167 877 1193 Memorato
895 1167 971 1199 iyitur
988 1167 1079 1192 abbate
1095 1167 1130 1191 ad

197 1203 259 1227 dicti
267 1203 471 1235 praedecessoris
481 1203 563 1227 nostri
571 1202 743 1236 praesentiam
753 1202 894 1233 accedente,
905 1206 1041 1235 postquam
1052 1202 1081 1226 de
1091 1201 1128 1225 in-

198 1237 318 1262 ordinata
331 1237 486 1262 destitutione
498 1246 545 1262 sua
559 1246 613 1262 eum
632 1237 737 1261 reddidit
756 1237 896 1266 certiorem,
915 1235 1029 1260 omnibus
1043 1236 1128 1260 irrita-

198 1271 229 1295 tis
241 1280 307 1304 quae
320 1276 410 1296 contra
423 1272 486 1296 iuris
502 1271 616 1296 ordinem
629 1280 645 1296 a
658 1271 729 1296 dictis
742 1270 931 1303 inquisitoribus
943 1269 1047 1302 filerunt
1061 1270 1127 1294 ordi-

199 1310 270 1333 nata,
292 1306 396 1330 eundem
413 1306 527 1330 abbatem
545 1306 668 1330 sententia
689 1313 737 1329 sua
758 1305 872 1335 restituit,
895 1304 1052 1329 ersecutione
1072 1305 1129 1329 sola

200 1340 337 1364 venerabili
346 1339 428 1371 fratri
439 1344 525 1364 nostro
539 1340 656 1372 episcopo
669 1343 691 1364 et
701 1339 797 1363 dilectis
807 1339 869 1372 filiis
878 1339 909 1364 L.
920 1343 942 1363 et
953 1339 987 1363 H.
1001 1339 1127 1363 orchidia-

198 1374 269 1398 conis
281 1374 476 1399 Ebroieensibus
489 1374 650 1398 demandata.
668 1373 719 1398 Die
728 1382 786 1398 vero
796 1381 812 1397 a
822 1373 877 1397 solo
887 1373 1004 1405 episcopo
1011 1372 1130 1406 partibus

199 1408 339 1440 assiynata‚
360 1413 383 1433 et
400 1408 434 1433 ad
450 1408 581 1432 terminum
600 1412 707 1441 utraque
722 1407 836 1439 partium
853 1407 972 1438 veniente,
994 1415 1069 1440 quum
1087 1415 1127 1431 ez-

197 1447 324 1474 spectaret
336 1442 416 1467 abbas
429 1442 608 1467 restitutionem
620 1442 680 1475 fieri
695 1441 744 1466 sibi
754 1441 891 1466 secundum
909 1441 1045 1474 apostolici
1056 1450 1127 1466 man-

197 1477 252 1501 dati
263 1481 380 1507 tenorem,
394 1485 449 1501 eam
463 1485 513 1501 non
525 1477 607 1509 potuit
624 1476 734 1501 obtinere
740 1485 749 1506 ,·
765 1475 825 1509 quin
840 1475 926 1508 potius
939 1475 1065 1508 precibus,
1083 1476 1128 1499 mi-

199 1511 239 1535 nis
251 1515 273 1535 et
286 1511 426 1535 terroribus
442 1519 497 1535 eum
514 1512 647 1543 episcopus
664 1510 782 1534 inducere
799 1509 938 1540 laboravit,
955 1514 982 1534 ‘ut
999 1510 1024 1534 in
1038 1510 1128 1542 ipsum,

198 1554 249 1569 non
267 1553 343 1578 super
361 1545 516 1570 restitutione
533 1544 661 1576 facienda,
678 1545 747 1578 quod
762 1548 817 1568 erat
833 1544 977 1576 principale
993 1544 1128 1576 neyotium,

198 1579 417 1612 compromitteret,
443 1580 488 1603 sed
506 1587 582 1612 super
603 1579 761 1603 exsecutione
781 1578 954 1603 tantummodo
978 1577 1128 1610 differenda.

196 1613 231 1638 E!
241 1614 361 1647 qnoniam
370 1622 433 1646 pars
443 1614 551 1638 adt-ersa
561 1622 617 1638 cum
628 1613 708 1638 armis
717 1613 778 1637 illuc
788 1617 930 1637 accesserat
941 1616 962 1637 et
973 1613 1130 1637 multitudine

198 1653 366 1678 armatorum,
377 1647 474 1679 factum
488 1652 531 1678 est,
545 1648 613 1681 quod
622 1649 647 1672 in
661 1647 753 1672 dictum
766 1647 919 1680 episcopum,
933 1647 996 1671 sicut
1004 1647 1129 1679 praemis-

198 1691 252 1706 sum
266 1686 310 1713 est,
329 1683 508 1715 compromisit,
524 1683 576 1716 fide
588 1682 613 1706 in
627 1690 705 1706 manu
719 1681 798 1714 ipsius
807 1681 941 1714 praestita,
958 1685 980 1705 et
993 1681 1128 1706 restitutio-

198 1717 238 1741 nis
250 1717 329 1741 literis
342 1717 460 1749 depositis
473 1717 544 1750 apud
554 1725 618 1747 eum,
636 1725 688 1740 non
706 1715 835 1740 tradendis
848 1715 923 1748 parti
938 1715 1068 1746 adversae,
1086 1716 1130 1740 sed

197 1751 328 1783 diliqenter
340 1751 480 1781 servandis,
494 1755 516 1776 et
528 1751 687 1775 restituendis
699 1750 747 1774 sibi
759 1754 869 1782 tempore
882 1754 1032 1782 opportuno.
1069 1750 1128 1782 Ipse

197 1794 255 1810 cero
272 1786 405 1818 episcopus
423 1790 513 1810 contra
529 1786 562 1816 id,
581 1785 648 1818 quod
659 1784 823 1817 promiserat,
842 1785 924 1809 venire
940 1793 993 1808 non
1009 1788 1128 1815 metuens,

198 1819 352 1844 adt-ersariis
365 1819 464 1844 abbatis
477 1819 564 1844 literas
573 1819 680 1844 restituit
694 1823 856 1849 memoratas,
869 1818 955 1852 sicque
964 1818 1128 1850 compromis-

197 1862 226 1878 so
239 1862 269 1878 ez
279 1858 354 1886 parte
366 1854 444 1887 ipsius
456 1853 569 1886 episcopi
584 1858 606 1878 et
623 1853 829 1878 adrersariorum
844 1853 944 1886 pariter
956 1852 1058 1883 violato,
1075 1860 1128 1877 mo-

196 1888 273 1913 naclti
281 1888 361 1913 bonae
371 1889 507 1913 memoriae
516 1888 571 1913 Met
573 1888 633 1912 ioris
643 1888 678 1912 tit.
689 1888 738 1913 SS.
746 1887 868 1912 Iohannis
878 1891 900 1912 et
906 1887 986 1912 Pauli
989 1887 1132 1920 presbyteri

197 1922 347 1951 rardinalis,
369 1927 428 1947 tunc
450 1923 607 1955 apostolicae
623 1922 689 1946 sedis
705 1922 789 1954 leyati,
807 1921 982 1955 praesentiam
999 1921 1128 1952 adeuntes,

199 1958 233 1980 ad
239 1957 260 1981 I.
267 1957 394 1989 quondam
401 1957 628 1989 Hotbomayensem
639 1957 763 1981 decanum
771 1955 1002 1988 superqravamine
1012 1963 1127 1988 compro-

197 1991 268 2015 missi
279 1991 462 2015 commissionis
474 1991 562 2015 literas
574 1991 752 2023 impetrarunt,
770 1991 805 2015 ad
821 1992 892 2014 cuius
900 1990 1013 2023 primam
1031 1989 1127 2014 citatio-

198 2034 253 2049 nem
265 2026 401 2049 monachus
414 2034 430 2050 a
442 2026 508 2049 dicto
521 2025 611 2050 abbate
623 2025 789 2049 transmissus
802 2029 892 2057 captus
903 2023 953 2056 suit
965 2023 998 2048 ab
1010 2024 1127 2048 aduersa-

198 2060 251 2090 riis,
265 2064 287 2084 et
300 2060 405 2084 vinculis
417 2059 509 2091 ferreis
521 2059 698 2092 mancipatus,·
713 2059 748 2083 ad
758 2059 895 2084 secundam
910 2067 968 2083 vero
985 2058 1126 2082 citationem

197 2094 260 2118 idem
272 2094 351 2118 abbas
361 2094 490 2124 accedens,
499 2102 547 2126 per
557 2094 745 2126 impressionem
756 2096 859 2118 coactus
868 2092 917 2124 fuit
927 2092 1128 2125 compromittere

198 2128 223 2152 in
237 2128 368 2158 decanum,
382 2137 433 2152 non
445 2136 522 2160 super
535 2128 646 2159 abbatia,
660 2128 690 2152 de
702 2135 754 2161 qua
765 2127 812 2151 sub
824 2136 852 2152 eo
862 2127 935 2152 nulla
949 2126 1060 2160 quaestio
1074 2135 1127 2151 ver-

197 2162 304 2193 tebatur,
318 2163 362 2187 sed
371 2171 421 2195 pro
435 2162 583 2195 quibusdam
599 2162 668 2186 bladi
679 2161 798 2186 reditibus
811 2161 960 2186 minuendis.
989 2161 1069 2186 Parte
1081 2169 1126 2186 au-

196 2201 243 2220 tem
257 2197 341 2221 altera
353 2205 430 2229 super
447 2197 627 2229 compromisso
644 2196 770 2221 servando
785 2196 869 2229 fidem,
885 2196 950 2220 sicut
968 2199 1127 2225 convenerat,

197 2239 248 2254 non
270 2235 394 2261 servante,
416 2231 509 2255 dictum
527 2233 554 2255 S.
573 2231 662 2255 iterum
680 2230 790 2264 oportuit
807 2230 842 2255 ad
857 2230 939 2254 sedem
961 2230 1127 2262 apostolicam

197 2265 326 2295 laborare,
345 2265 388 2289 ubi
399 2273 414 2289 a
428 2264 499 2289 nobis
514 2269 565 2289 tam
577 2272 654 2297 super
666 2264 810 2298 principali
824 2272 901 2298 quam
918 2264 1039 2289 incidenti
1052 2263 1125 2288 etiam

195 2299 353 2332 quaestione]
371 2298 483 2324 demum
501 2306 583 2332 super
605 2299 654 2324 ea⁴
671 2298 708 2324 ad
725 2298 942 2324 Lesionensem⁵
963 2297 1126 2331 episcopum

196 2338 225 2359 et
237 2333 370 2359 abbatem
387 2332 423 2358 de
435 2333 543 2358 Bcccov·
560 2338 672 2358 nostrae
689 2332 814 2359 fuerantt
831 2332 928 2358 literae
946 2331 1127 2364 destinatae⁸‚

196 2366 260 2402 ÷[ut
280 2376 357 2400 super
378 2367 422 2398 his,
444 2376 508 2400 quae
530 2367 601 2391 nobis
621 2366 727 2398 fuerant
748 2368 872 2398 intimata,
895 2367 1022 2391 studerent
1039 2366 1128 2391 elicere

196 2402 333 2432 veritatem,
351 2406 372 2426 et
385 2405 522 2426 statuerent
536 2401 603 2434 quod
614 2402 751 2426 secundum
764 2401 849 2426 Deum
862 2401 971 2426 viderent
987 2400 1126 2425 rationabi-

196 2437 253 2461 liter
265 2435 434 2465 statuendurn,
452 2436 514 2459 iuris
527 2435 615 2460 ordine
623 2444 671 2468 per
684 2436 770 2460 omnia
783 2435 922 2466 observato,
935 2435 971 2460 ita
983 2435 1051 2468 quod
1062 2435 1127 2459 alter

196 2471 251 2495 sine
274 2471 356 2494 altero
380 2470 468 2494 adesse
491 2470 592 2494 nolente
616 2470 653 2494 cel
676 2470 751 2494 etiam
780 2478 831 2494 non
857 2470 955 2494 ralente
978 2469 1127 2493 mandatum

197 2504 365 2537 apostolicum
387 2504 544 2536 adimpleret,
566 2504 690 2528 mentione
703 2505 781 2535 sacta
802 2504 827 2528 in
850 2504 930 2528 literis
950 2503 1012 2536 ipsis
1033 2503 1063 2528 de
1077 2503 1128 2537 fide

196 2539 327 2569 violenter,
344 2539 409 2563 sicut
426 2538 489 2562 idem
506 2539 534 2563 S.
553 2538 691 2569 asserebat,
710 2542 818 2569 extorta,
840 2542 862 2563 et
879 2546 930 2562 non
946 2545 1023 2570 super
1039 2545 1127 2562 mona-

196 2573 272 2597 sterio
285 2572 437 2602 abiurando,
449 2572 493 2597 sed
505 2572 669 2602 restitutione,
688 2576 713 2596 ut
726 2573 819 2596 dictum
832 2577 876 2603 est,
893 2572 1066 2597 tantummodo
1078 2570 1127 2602 dif-

196 2607 317 2638 ferenda:
346 2616 386 2637 ne,
416 2607 453 2631 his
477 2606 583 2636 omissis,
609 2606 687 2630 tacita
710 2606 814 2630 veritate
838 2606 980 2630 commissio
1004 2605 1128 2630 videretur

195 2641 304 2666 obtenta.
352 2641 473 2666 Partibus
494 2649 552 2665 vero
577 2649 666 2664 coram
689 2640 809 2672 deleyatis
833 2640 956 2665 iudicibus
980 2640 1129 2671 constitutis,

191 2684 258 2708 pars
276 2675 353 2706 illius,
375 2683 448 2708 quem
464 2675 526 2699 dixit
542 2675 675 2705 intrusum,
695 2674 844 2706 praefatum
865 2675 1011 2707 episcopum
1031 2674 1129 2698 duabus

195 2710 226 2734 de
247 2710 330 2734 causis
351 2709 400 2734 sibi
421 2709 483 2733 dizit
507 2717 561 2733 esse
584 2712 741 2741 suspectum;
765 2713 816 2732 tum
839 2710 900 2742 quia
923 2716 1000 2741 super
1023 2709 1129 2733 ecclesia

195 2744 325 2777 quandam
338 2752 443 2768 causam
456 2743 561 2768 habebat
574 2751 631 2767 cum
644 2743 797 2767 monasterio
810 2747 949 2767 memorato
954 2752 964 2773 ,·
981 2746 1031 2766 tum
1045 2742 1127 2773 etiam,

194 2779 254 2812 quia
276 2778 359 2810 ipsum
377 2786 394 2802 a
410 2777 531 2802 Romana
552 2777 626 2802 curia
643 2777 785 2802 redeuntem
805 2777 839 2801 ad
856 2777 929 2809 pacis
946 2777 1061 2801 osculum
1078 2785 1127 2801 non

197 2813 305 2843 admisit,
330 2812 395 2836 unde
416 2820 496 2845 neque
517 2820 605 2836 coram
629 2811 687 2842 illis,
712 2819 791 2844 neque
814 2819 901 2835 coram
923 2811 1026 2835 illorum
1047 2811 1128 2835 altero

197 2847 248 2870 iuri
258 2851 328 2871 stare
341 2846 425 2877 coluit,
443 2846 558 2879 quamvis
575 2845 637 2871 nibil
649 2846 741 2870 diceret
757 2845 783 2869 in
796 2845 920 2876 abbatem,
937 2845 982 2870 sed
994 2845 1129 2878 appellans

247 2983 298 3001 ΤΗ.
314 2983 393 3002 XXIX.
420 2984 481 3007 Cap.
496 2983 576 3002 XXIII.
619 2983 640 3006 3)
650 2985 717 3002 vesta
731 2982 798 3001 dtml:
812 2982 827 3001 C
835 2981 881 3005 laq.
925 2982 945 3005 ’1)
957 2987 1022 3000 causa
1032 2982 1090 3006 ipsa:
1104 2982 1128 3003 11,-

199 3007 234 3024 nbi
245 3013 257 3025 2
268 3009 330 3026 nobis
345 3012 389 3027 tam
404 3015 470 3033 super
483 3009 599 3033 principali
614 3015 678 3033 quam
694 3008 802 3027 incidenti
816 3009 882 3027 etiam
896 3008 1027 3031 quaestione
1041 3008 1067 3026 ad
1079 3014 1128 3026 ven.

197 3033 223 3050 tr.
239 3036 305 3051 nostr.
321 3034 482 3054 Lexoviensem
499 3040 532 3058 ep.
548 3038 569 3054 et
583 3035 610 3053 ad
625 3035 663 3053 dil.
679 3034 709 3053 fil.
723 3035 774 3053 abb.
789 3034 858 3054 Vallis
878 3034 976 3053 Richerii
994 3033 1071 3052 literas
1089 3034 1128 3052 im-

197 3059 302 3082 Pfflfssik:
318 3057 363 3084 1¹27-
417 3061 437 3084 ὃ)
452 3061 620 3081 Lexonensem:
639 3059 786 3083 FGHIKLaNf
804 3060 902 3081 Lenox.:
916 3059 980 3082 caetu
995 3059 1045 3084 th.:
1059 3059 1129 3080 Lexo-

488 237 694 266 DECRETAL.
714 236 875 264 GREGOR.
896 236 940 263 IX.
961 235 1025 262 Ltss.
1045 237 1064 263 1.
1083 236 1152 263 TIT.
1171 236 1271 263 XXIX.
1290 235 1341 262 DE
1360 235 1501 262 OFFICIO
1520 235 1595 262 IUD.
1614 234 1696 261 DEL.
1715 242 1738 260 e.
1758 242 1798 268 23.

2039 232 2088 260 168

1159 314 1323 346 frustratorie
1335 322 1362 338 sc
1378 313 1558 338 contumaciter
1575 312 1711 337 absentavi.
1752 311 1842 337 Verum
1856 311 1918 336 dicti
1932 314 2089 336 exsecutores

1162 349 1335 381 appellationi,
1357 357 1422 381 quae
1440 348 1512 372 nulla
1529 346 1623 378 fuerat,
1641 346 1741 371 minime
1757 347 1902 378 deserentes,
1925 345 2007 370 habito
2024 345 2088 369 mul-

1161 387 1242 407 torum
1263 383 1424 415 prudentium
1448 382 1559 405 virorum
1581 381 1695 411 consilio,
1719 381 1867 405 sententiam
1889 388 1905 404 a
1926 379 1992 403 dicto
2011 387 2087 411 prae-

1161 417 1286 441 decessor(
1312 421 1398 440 nostro
1417 416 1548 448 prolatam
1570 414 1725 439 exsecutioni
1743 414 1911 444 mandarunt,
1934 413 2088 438 restituentes

1159 450 1290 483 praedicto
1308 453 1335 475 S.
1354 450 1489 476 abbatiam,
1511 454 1533 474 e!
1549 448 1668 481 praefato
1686 449 1783 472 intruso
1798 451 1947 481 perpetuum
1963 447 2089 471 silentium

1161 485 1322 517 imponentes.
1365 486 1496 517 Quumque
1512 483 1546 508 ad
1562 491 1648 508 eorum
1661 491 1691 507 ez
1705 486 1780 515 parte
1797 482 1938 514 apostolica
1955 481 2089 505 iussionem

1161 519 1324 543 dioecesanus
1341 519 1472 552 episcopus
1488 518 1590 550 saepius
1607 517 1739 550 requisitus
1756 516 1837 549 ipsum
1850 518 1877 541 S.
1890 516 1916 540 in
1929 515 2089 547 corporalem

1158 553 1341 585 possessionem
1355 553 1473 577 inducere
1486 556 1622 581 recusaret,
1640 552 1666 575 id
1678 550 1860 584 exsequendum
1874 549 2022 582 quibusdam
2035 549 2089 573 dia-

1161 587 1264 611 conibus
1284 587 1476 617 mand<werunt,
1498 587 1542 619 qui
1562 586 1653 610 nedum
1670 585 1737 618 quod
1752 584 1858 609 ‹almas-i
1871 583 1982 616 fuerunt,
2004 591 2089 608 verum

1158 629 1206 654 per
1230 621 1366 646 monachos
1389 625 1411 646 et
1433 620 1548 652 fautores
1571 628 1659 644 eorum
1682 618 1772 651 afflicti
1791 618 1940 649 verberibus,
1963 617 2092 642 carcerali

1160 659 1218 679 sunt
1240 655 1368 680 custodiae
1390 655 1536 687 mancipati.
1575 654 1736 686 Quapropter
1753 653 1778 678 in
1799 653 1932 682 intrusum,
1954 651 2090 676 monachos

1161 693 1183 713 et
1199 688 1315 721 fautores
1333 698 1419 714 eorum
1439 698 1454 713 a
1471 689 1591 721 deleyatis
1608 687 1656 720 suit
1673 687 1810 713 secundum
1828 686 1963 720 apostolici
1977 685 2092 710 mandati

1161 727 1272 748 tenorem
1293 723 1560 748 excommunicationis
1580 722 1703 747 sententia
1721 721 1895 754 promulqata.
1931 720 1982 745 Sed
1997 719 2028 744 ob
2044 719 2090 744 boc

1161 757 1273 782 intrusus
1286 761 1309 782 ct
1321 757 1439 782 monachi
1454 766 1505 781 non
1523 757 1668 781 dimiserunt
1685 756 1770 780 divina
1788 755 1870 789 officia
1886 754 2013 779 celebrare
2019 763 2028 785 ;
2050 753 2093 786 qui

1160 791 1234 816 etiam
1252 792 1306 824 ipso
1322 792 1419 816 intruso
1430 791 1548 823 defuncto
1562 791 1641 815 alium
1654 790 1896 815 excommunicatum
1909 788 2001 821 eliqere
2013 795 2091 820 prae-

1162 830 1330 858 sumpserunt,
1352 826 1416 850 sicut
1437 835 1466 850 ex
1487 826 1660 857 delcyatorum
1677 824 1756 849 literis
1776 823 1942 856 perpenditur
1959 822 2090 847 evidenter.

1165 860 1295 893 Quumque
1318 868 1363 884 nec
1387 860 1423 884 sic
1448 864 1551 893 possent
1575 860 1610 883 ad
1636 859 1736 891 fraqam
1764 858 1875 883 melioris
1903 858 1968 882 vitae
1995 856 2090 887 reduci,

1161 894 1318 926 saepedictus
1331 896 1357 919 S.
1377 894 1422 918 iter
1435 894 1545 926 arripuit
1558 894 1592 918 ad
1603 894 1686 918 sedem
1703 893 1868 926 apostolicam
1886 891 2005 916 veniendi.
2040 890 2093 916 Sed

1159 929 1349 960 praevenientes
1366 936 1421 953 eum
1439 928 1527 952 nuncii
1542 928 1732 957 monacbortmz,
1750 927 1780 951 de
1797 926 1972 951 benedictionis
1988 932 2093 950 munere

1162 962 1201 987 illi
1223 970 1295 995 quem
1319 963 1447 994 eleqerant
1471 962 1634 995 impendendo
1657 962 1834 993 fraudulenter
1862 961 1950 985 literas
1973 959 2093 992 impetra-

1163 1000 1230 1027 runt,
1252 1004 1316 1030 quas
1334 997 1367 1021 ad
1380 1001 1468 1029 partes
1483 1004 1545 1021 suas
1563 996 1684 1020 miserunt
1701 995 1863 1027 festinantius
1879 1002 1956 1028 quam
1968 993 2091 1019 deberent.

1163 1030 1266 1055 Petebat
1289 1030 1374 1064 itaque
1397 1031 1476 1055 dictus
1497 1032 1524 1055 S.
1547 1030 1684 1054 nnntacbos
1704 1030 1772 1063 ipsos
1794 1030 1848 1062 (qui
1866 1028 1966 1053 cuidam
1984 1027 2091 1061 praede-

1163 1073 1290 1089 cessorum
1306 1073 1411 1089 suorum
1428 1069 1563 1097 amputare
1583 1065 1696 1096 linquam
1714 1068 1736 1088 et
1753 1064 1840 1088 oculos
1857 1071 1945 1088 eruere
1959 1070 2092 1095 praesum-

1160 1103 1275 1131 pserunt,
1292 1099 1318 1124 in
1335 1099 1413 1123 alium
1431 1100 1554 1123 sedentem
1572 1099 1606 1123 ad
1622 1107 1734 1123 mensam
1751 1106 1807 1123 cum
1826 1097 1921 1130 {stadiis
1941 1101 1963 1122 et
1983 1096 2092 1129 fustibus

1163 1133 1279 1165 impetum
1301 1132 1431 1165 facientes,
1453 1133 1532 1158 alium
1552 1134 1634 1158 solum
1656 1133 1682 1157 in
1699 1133 1805 1157 ccclesia
1822 1132 1969 1157 dimittentes
1989 1131 2093 1156 missam

1163 1167 1292 1192 celebrare
1311 1167 1445 1200 paratum)
1470 1167 1689 1192 animadversione
1713 1167 1838 1199 cnndiqna
1859 1165 1959 1198 puniri,
1989 1169 2011 1190 et
2031 1173 2092 1198 pos-

1162 1201 1297 1226 sessionem
1314 1201 1431 1226 abbatiae
1447 1201 1561 1234 plenarie
1577 1201 1625 1226 sibi
1641 1201 1744 1232 restitui,
1762 1201 1826 1225 sicut
1840 1208 1856 1225 a
1869 1200 1933 1225 dicto
1942 1199 2093 1233 praedeces-

1162 1244 1220 1261 sore
1236 1240 1323 1260 nostro
1339 1239 1458 1260 statutum
1477 1235 1563 1267 fuerat
1581 1239 1603 1259 et
1620 1244 1636 1260 a
1652 1235 1772 1268 dalmatis
1784 1239 1875 1268 postea
1891 1234 2013 1259 iudicibus
2025 1233 2092 1258 ordi-

1163 1274 1259 1300 natum,
1278 1271 1383 1301 intruso,
1402 1270 1446 1303 qui
1458 1274 1516 1302 post
1537 1270 1618 1294 latam
1636 1270 1661 1294 in
1683 1278 1737 1293 eum
1754 1269 1904 1294 sententiam
1925 1267 2092 1293 excommuni-

1163 1304 1270 1329 cationis
1288 1308 1432 1337 assumptus
1444 1304 1538 1336 fuerat,
1554 1312 1600 1336 per
1612 1304 1738 1328 silentium
1752 1308 1902 1336 perpetuum
1919 1303 2092 1328 condemnato.

1165 1340 1280 1363 Ceterum
1295 1347 1345 1372 pro
1363 1338 1432 1363 vobis
1450 1339 1485 1363 ita
1501 1338 1548 1369 fuit
1564 1338 1723 1370 propositum
1741 1346 1771 1363 ea:
1788 1338 1902 1368 aduerso,
1923 1337 1999 1370 quod,
2017 1345 2093 1370 quum

1160 1374 1296 1406 praefatus
1308 1373 1330 1398 I.
1345 1373 1486 1397 cardinalis
1503 1373 1527 1397 in
1539 1373 1657 1405 partibus
1670 1373 1720 1397 illis
1733 1372 1866 1404 leqationis
1883 1371 1963 1405 officio
1974 1371 2092 1404 fungere-

1163 1412 1212 1439 tur,
1227 1412 1249 1432 et
1262 1416 1367 1432 causam
1380 1407 1462 1439 ipsam
1475 1415 1551 1439 super
1560 1407 1743 1439 dilapidatione
1751 1406 1830 1439 ipsius
1838 1407 1866 1432 S.
1878 1410 1900 1430 et
1912 1405 2094 1431 incontinentia

1162 1442 1260 1474 pariter
1275 1440 1404 1474 praefatis
1422 1441 1508 1466 abbati
1524 1441 1683 1466 Troarnensi
1699 1445 1722 1466 et
1735 1441 1821 1473 priori
1836 1444 1943 1465 sanctae
1955 1439 2092 1465 Barbarae

1164 1476 1315 1500 commiserit
1328 1476 1522 1506 terminandam,
1536 1475 1587 1508 ipsi
1598 1475 1699 1507 coynita
1711 1475 1824 1505 veritate,
1838 1479 1860 1499 et
1872 1474 1960 1499 ordine
1972 1473 2036 1499 iuris
2043 1481 2093 1506 per

1164 1511 1250 1535 omnia
1263 1510 1402 1541 observato,
1416 1510 1441 1534 in
1452 1518 1506 1535 eum
1519 1509 1681 1542 depositionis
1689 1509 1838 1534 sententiam
1845 1509 2016 1542 protulerunt,
2029 1515 2094 1542 quae

1164 1553 1179 1569 a
1193 1545 1258 1569 dicto
1267 1545 1465 1577 praedecessore
1479 1548 1567 1568 nostro
1579 1543 1627 1575 fuit
1636 1548 1726 1576 postea
1740 1544 1900 1578 confirmata.
1937 1543 1996 1575 Ipse
2009 1546 2092 1567 autem

1163 1580 1191 1603 S.
1205 1579 1282 1604 eidem
1293 1579 1487 1611 praedecessori
1497 1582 1592 1609 nostro,
1606 1578 1675 1611 quod
1686 1577 1789 1603 abbatia
1801 1578 1858 1611 ipsa
1869 1577 1959 1602 iniuste
1969 1577 2094 1610 spoliatus

1163 1612 1249 1644 fuerit,
1267 1613 1405 1643 intimacit;
1419 1611 1540 1645 praefato
1559 1613 1689 1637 cardinali
1702 1613 1777 1637 etiam
1794 1616 1928 1644 asserente,
1946 1619 1998 1636 non
2015 1610 2094 1643 fuisse

1163 1647 1307 1672 intentionis
1319 1656 1389 1678 suae,
1408 1647 1475 1680 quod
1486 1647 1521 1671 ad
1537 1647 1716 1679 depositionem
1733 1646 1830 1671 abbatis
1844 1645 2011 1679 procederent
2028 1645 2092 1670 iudi-

1164 1690 1203 1707 ces
1215 1682 1332 1714 deleyaff,
1350 1682 1463 1715 quamvis
1476 1685 1498 1706 et
1510 1681 1556 1705 boc
1568 1685 1632 1706 esset
1643 1681 1678 1705 eis
1696 1681 1864 1712 commissum,
1882 1681 1946 1705 sicut
1962 1679 1988 1704 in
2001 1688 2093 1705 eorun-

1164 1716 1218 1740 dem
1231 1717 1310 1740 literis
1322 1716 1455 1748 reperitur.
1497 1716 1568 1740 Unde
1579 1715 1736 1748 saepedictus
1745 1715 1928 1748 praedecessor
1939 1718 2026 1739 noster
2037 1721 2094 1739 eum

1164 1759 1214 1774 non
1228 1750 1333 1774 restituit
1347 1751 1430 1774 altera
1441 1754 1515 1782 parte
1527 1749 1637 1780 absente,
1651 1750 1696 1774 sed
1707 1749 1887 1774 restituendam
1899 1748 2030 1774 mandavit
2041 1747 2093 1781 epi-

1163 1793 1240 1817 scopo
1257 1788 1279 1809 et
1297 1784 1476 1809 archidiacono
1494 1784 1646 1815 memoratis,
1665 1783 1724 1816 quia
1741 1783 1845 1808 tacitum
1862 1783 1898 1808 cis
1914 1782 2008 1815 fuerat,
2027 1782 2095 1816 quod

1160 1818 1297 1851 praefatus
1307 1819 1448 1843 cardinalis
1458 1818 1530 1843 dietis
1543 1818 1630 1842 abbati
1637 1822 1659 1843 et
1667 1818 1751 1850 priori
1758 1818 1900 1850 deponendi
1907 1818 1983 1842 etiam
1992 1825 2094 1842 conces-

1163 1853 1222 1877 serit
1235 1852 1392 1884 facultatem.
1420 1852 1628 1877 Conuenientibus
1640 1852 1718 1885 iqz'tur
1724 1852 1842 1885 partibus
1854 1852 1888 1877 ad
1899 1852 1962 1877 diem
1976 1855 1998 1877 et
2010 1851 2094 1876 locum

1163 1887 1212 1911 sibi
1226 1895 1242 1912 a
1259 1887 1380 1919 deleqatis
1397 1887 1462 1911 sedis
1480 1887 1636 1920 apostolicae
1653 1887 1818 1919 assiqnatum,
1836 1887 1917 1911 dictus
1929 1887 1958 1911 S.
1971 1886 1998 1911 in
2014 1893 2093 1910 manu

1163 1921 1281 1954 episcopi,
1304 1922 1370 1954 quod
1386 1921 1439 1945 eius
1455 1929 1531 1954 super
1548 1929 1627 1945 causa
1649 1921 1705 1953 ipsa
1722 1925 1802 1946 staret
1823 1921 1938 1952 arbitrio,
1959 1920 2012 1954 fide
2031 1920 2094 1945 data

1161 1956 1282 1989 firmavit,
1297 1956 1341 1988 qui
1349 1959 1437 1988 partes
1451 1955 1530 1988 ipsas,
1544 1960 1570 1980 ut
1583 1956 1617 1979 ad
1629 1963 1667 1986 ea,
1681 1964 1746 1988 quae
1757 1955 1830 1988 pacis
1842 1959 1910 1986 sunt,
1928 1954 2093 1986 intenderent,

1163 1990 1260 2014 monuit
1273 1990 1420 2022 diliyenter;
1432 1990 1497 2014 inter
1509 1997 1574 2022 quas
1588 1990 1647 2014 tatis
1657 1989 1804 2022 compositio
1814 1989 1961 2020 intercessit,
1975 1993 2002 2014 ut
2012 1989 2094 2014 dictus

1162 2026 1190 2049 S.
1205 2024 1230 2048 in
1241 2028 1391 2056 perpetuum
1404 2024 1500 2049 cederet
1513 2024 1636 2048 abbatiae.
1676 2024 1758 2052 Quam
1771 2023 1908 2049 cessionem
1925 2027 2011 2048 ratam
2027 2023 2092 2048 delc-

1160 2058 1216 2091 yati
1236 2059 1330 2083 iudices
1346 2058 1494 2089 habuerunt,
1516 2062 1539 2083 et
1556 2058 1620 2082 idem
1636 2058 1664 2083 S.
1684 2058 1757 2090 (sieut
1778 2058 1805 2082 in
1822 2058 1996 2090 deleqatorum
2013 2057 2092 2082 literis

1163 2092 1314 2125 continetur)
1332 2093 1473 2117 iuramento
1485 2092 1606 2126 firmauit,
1623 2100 1650 2116 se
1662 2092 1734 2117 illam
1744 2092 1853 2126 firmiter
1865 2096 2032 2117 servaturum.
2057 2091 2092 2116 Et

1163 2135 1239 2160 quum
1260 2135 1337 2159 super
1360 2127 1518 2151 restitutione
1539 2135 1587 2151 sua
1611 2127 1722 2159 duplices
1746 2127 1833 2151 literas
1854 2126 1963 2151 eiusdem
1982 2134 2092 2159 prorsus

1163 2161 1331 2186 continentiae
1347 2161 1515 2194 impetrasset,
1537 2160 1610 2192 facta
1634 2161 1822 2194 compositione,
1843 2169 1920 2194 quam
1935 2161 2094 2193 saepedictus

1158 2196 1342 2228 praedecessor
1354 2199 1439 2220 noster
1449 2199 1538 2228 postea
1548 2195 1717 2228 confirmauit,
1731 2196 1829 2220 alteras
1837 2195 1982 2228 resianavzt,
1997 2195 2094 2220 atteras

1163 2230 1262 2254 retinuit
1274 2229 1460 2261 fraudulenter.
1485 2230 1612 2254 Processu
1625 2238 1683 2254 vero
1697 2230 1816 2262 temporis
1829 2229 2007 2262 compositione
2019 2229 2052 2254 ab
2063 2237 2092 2254 eo

1162 2264 1319 2297 aliquamdiu
1330 2264 1472 2295 observata,
1480 2271 1528 2296 per
1538 2264 1589 2288 iam
1599 2264 1692 2288 dictam
1703 2264 1834 2289 Meliorem
1845 2263 2004 2289 cardinalem
2013 2272 2094 2297 quon-

1162 2299 1221 2323 dam
1233 2298 1431 2331 Rotbomayensi
1442 2299 1538 2323 decano
1551 2299 1655 2323 eandem
1668 2297 1729 2329 fecit
1741 2306 1847 2323 causam
1857 2297 1984 2329 committi,
1996 2297 2094 2331 fuitque

1162 2333 1188 2357 in
1199 2333 1252 2357 eius
1262 2333 1409 2365 praesentia
1422 2337 1444 2357 ct
1459 2332 1606 2357 venerabilis
1622 2332 1714 2364 fratris
1725 2333 1811 2357 nostri
1820 2332 2030 2365 Rotbomaqensis
2048 2340 2092 2357 ar-

1163 2367 1312 2400 chiepiscopi
1321 2367 1408 2400 prima
1421 2367 1567 2400 compositio
1581 2366 1712 2398 innovata,
1725 2366 1770 2391 ubi
1777 2366 1914 2400 praefatus
1926 2367 1954 2392 S.
1966 2366 2093 2392 abbatiam

1162 2401 1242 2426 denuo
1256 2401 1390 2432 abiuravit,
1404 2405 1426 2426 et
1439 2401 1507 2435 quod
1523 2401 1730 2434 compositionem
1746 2401 1828 2434 ipsam
1841 2401 1958 2434 deinceps
1974 2401 2091 2426 observa-

1163 2440 1207 2466 ret,
1222 2436 1392 2468 corporaliter
1404 2435 1532 2468 praestitit
1544 2435 1722 2467 iuramentum,
1740 2436 1805 2460 sieut
1822 2435 1848 2460 in
1864 2435 1943 2468 ipsius
1954 2434 2092 2460 Rothoma-

1160 2469 1244 2502 pensis
1261 2470 1446 2503 archiepiscopi
1464 2469 1543 2494 literis
1565 2470 1716 2502 continetur,
1737 2474 1759 2494 et
1779 2470 1865 2494 multis
1882 2473 1969 2502 posset
1991 2469 2093 2494 testibus

1163 2504 1311 2536 approbari.
1353 2504 1465 2529 Fuerunt
1483 2508 1566 2529 autem
1583 2504 1632 2529 ista
1649 2512 1738 2529 coram
1754 2503 1953 2536 Rothomaqensi
1970 2503 2042 2535 facta
2063 2511 2094 2528 ca

1159 2538 1297 2571 praecipue
1306 2539 1414 2570 ratione,
1425 2538 1545 2572 quoniam
1552 2538 1692 2571 prioratus,
1703 2546 1775 2571 quem
1784 2538 1838 2570 ipse
1845 2538 1874 2563 S.
1881 2537 1963 2563 debuit
1973 2538 2091 2569 obtinere,

1162 2572 1187 2596 in
1194 2572 1391 2605 Ilotbmnayensi
1400 2577 1455 2597 erat
1464 2573 1572 2598 dioecesi
1580 2572 1736 2603 constitutus,
1749 2580 1820 2606 quem
1832 2580 1908 2606 quum
1911 2580 1960 2605 per
1967 2572 2093 2597 biennium

1162 2607 1283 2639 detinens,
1296 2607 1423 2631 inhoneste
1432 2607 1535 2631 vivendo
1544 2606 1600 2638 sere
1610 2607 1695 2631 omnia
1705 2607 1907 2639 consumpsisset,
1921 2606 1956 2631 ad
1964 2606 2017 2631 alia
2027 2606 2093 2631 bona

1163 2641 1311 2666 monasterii
1321 2650 1348 2666 se
1365 2642 1484 2666 violenter
1500 2641 1616 2666 extendit.
1652 2640 1686 2665 Et
1698 2641 1798 2665 tandem
1815 2641 1850 2665 ad
1863 2640 2035 2672 praesentiam
2047 2648 2093 2665 no-

1162 2679 1242 2699 stram
1260 2676 1389 2707 accedens,
1407 2680 1429 2700 et
1447 2675 1570 2708 quaedam
1587 2675 1617 2700 de
1630 2674 1779 2708 praemissis
1795 2675 1946 2707 exprimens,
1964 2674 2018 2700 alia
2034 2682 2093 2700 vero

1164 2710 1276 2740 reticens,
1295 2710 1328 2734 ad
1338 2709 1473 2743 praefatos
1487 2710 1666 2734 Lezociensem
1678 2709 1821 2742 episcopum
1839 2713 1861 2734 et
1879 2708 1994 2734 abbatem
2012 2707 2094 2734 Vallis

1163 2743 1275 2768 Ricberii
1294 2748 1396 2768 nostras
1418 2745 1506 2768 literas
1527 2744 1674 2776 reportavit,
1696 2747 1722 2767 ut
1743 2743 1874 2775 dilzfflentcr
1891 2743 2046 2776 inquirerent
2062 2743 2092 2767 de

1164 2778 1278 2802 manibus
1300 2778 1435 2809 ueritatem,
1459 2783 1481 2802 et
1501 2782 1639 2803 statuerent
1661 2778 1727 2811 quod
1743 2777 1837 2802 iustitia
1850 2778 2002 2810 postularet.
2038 2777 2095 2810 Ipsi

1164 2821 1220 2836 vero
1231 2812 1348 2844 partibus
1361 2813 1395 2837 ad
1406 2821 1433 2837 se
1445 2813 1535 2843 citatis,
1550 2812 1662 2845 quamm's
1675 2811 1805 2844 episcopos
1814 2819 1864 2844 pro
1877 2811 2022 2836 memoratis
2032 2819 2092 2836 cau-

1163 2846 1205 2878 sis,
1219 2851 1242 2871 et
1255 2847 1375 2880 quoniam
1387 2847 1419 2872 lt.
1434 2847 1521 2872 abbati
1531 2846 1668 2879 respondit,
1685 2846 1760 2879 quod,
1777 2846 1802 2870 si
1808 2850 1904 2879 posset,
1920 2845 1969 2871 sibi
1983 2849 2091 2877 noceret,

1164 2984 1262 3003 viensom
1273 2995 1296 2998 —
1307 2983 1389 3003 Lim‘cux
1441 2983 1462 3007 G)
1472 2985 1552 3003 Recto:
1567 2983 1600 3005 II.-
1614 2983 1640 3002 de
1655 2984 1692 3002 B.:
1707 2982 1774 3001 deest:
1788 2983 1864 3005 Caeqh:
1879 2983 1906 3002 de
1919 2983 1957 3002 Na
1971 2982 2009 3005 0b;
2022 2981 2093 3002 Vallis

1165 3010 1275 3028 ltieherii:
1290 3009 1337 3034 lctq.
1369 3012 1389 3034 7)
1401 3010 1499 3029 suerunt:
1514 3009 1620 3034 mcum,-
1634 3009 1727 3028 t'ueriut:
1743 3009 1780 3028 (lac
1814 3010 1835 3032 ὅ)
1846 3008 1986 3033 deportatae:
2004 3007 2091 3033 Cpraet.

1144 3041 1148 3082 Ι
1164 3035 1188 3053 Cb
1199 3036 1354 3061 (impetratae).
