2243 3288
193 246 244 275 237

195 326 362 352 videbantur
375 330 497 359 exortae,
515 326 542 352 in
554 325 663 352 nubilem
677 326 758 352 virum
772 324 872 352 ducem
885 324 1058 351 Venetorum
1072 328 1130 349 tan-

197 368 281 394 quam
293 361 321 386 in
334 361 468 387 arbitrum
481 369 543 386 cum
553 365 633 395 parte
643 361 731 387 altera
741 359 941 394 compromisit,
954 359 1022 393 †qui
1031 359 1131 384 veniens

195 399 286 420 contra
307 396 411 420 eandem
432 395 583 420 senientiam
604 396 756 420 auctoritate
777 395 919 428 apostolica
941 394 1130 427 confirmatam,

194 438 271 462 super
289 430 363 455 rebus
384 430 501 455 iudicatis
519 430 551 455 ab
573 430 659 455 eadem
676 431 758 463 leyato
782 430 903 454 (nicei-sus
922 428 1070 461 praedictas
1091 436 1130 452 ec-

194 464 287 489 clesias
300 464 425 498 aequitate
432 465 574 497 postposita
585 464 698 498 iniquum
709 464 841 489 arbitrium
849 463 1031 496 prunmlqauit.
1054 461 1131 487 Licet

195 502 290 524 autem
311 498 404 524 eidem
426 498 489 524 duci
510 499 606 524 literas
628 503 739 524 nostras
761 498 929 529 miserimus,
952 501 981 522 ut
1003 496 1039 522 ad
1058 504 1131 521 com-

195 532 357 571 ponendum
374 533 447 559 inter
467 538 563 566 partes
584 533 712 558 laborare
731 532 858 564 deberet,
877 539 964 565 quum
981 535 1075 556 tamen
1093 530 1131 555 in-

196 571 328 592 tentionis
343 572 456 593 nostrae
464 568 486 585 ¹⁰
499 575 554 592 non
568 567 650 593 suerit
664 567 810 592 immutare
821 565 990 592 sententiam
1003 565 1132 599 ipsam¹¹,

194 601 239 626 vel
252 602 358 635 sopitas
372 610 422 635 per
436 610 497 627 eam
512 601 700 635 querimonias
714 601 858 632 suscitare,
876 601 1025 625 discretioni
1037 604 1134 624 vesti-ae

194 634 265 695 μεν.
282 637 424 669 apostolica
448 635 588 670 scripta]12
616 635 791 667 mandamus,
822 639 969 668 quatenus,
998 633 1132 667 praefatis

206 674 288 708 iteris.
300 679 356 696 non
374 670 560 702 obstantibus,
584 670 718 704 quicquid
736 678 786 703 per
804 669 1007 703 praenominati
1015 668 1037 685 1³
1055 668 1132 693 ducis

194 704 339 730 arbitrium
360 709 457 730 contra
478 705 565 738 ipsius
587 705 672 738 legati
694 704 862 730 sententiam
886 703 1047 728 inveneritis
1070 711 1133 728 esse

197 738 310 771 sactum,
333 739 360 764 in
382 739 489 764 irritum
511 739 657 771 revocetis,
682 739 707 764 ei
730 738 882 763 districtius
905 737 1074 769 inhibentes,
1098 745 1133 762 ne

196 772 310 811 ulterius
329 773 356 799 in
375 774 578 807 compromisso
596 772 742 807 procedat,
759 773 812 797 2114
829 772 951 798 eundern
968 771 1005 797 ad
1024 771 1133 797 restitu-

195 811 300 834 tionem
321 808 452 833 obsidum
469 813 491 833 et
509 808 642 833 cuiusdam
664 808 745 832 castri
765 807 914 832 occasione
934 806 1036 831 illius15
1059 814 1133 831 com-

195 842 325 875 promissi
347 842 399 868 sibi
417 842 556 874 datorum,
579 846 608 867 ut
625 842 712 876 ipsius
731 841 876 867 arbitrium
895 845 1061 872 servaretur,
1085 849 1135 874 per

195 884 341 902 censuram
366 877 614 902 ecclesiasticam16
643 876 816 909 appellatione
837 875 981 909 postposita
1012 875 1134 908 compel—

194 909 284 938 lentes
293 912 342 937 17‘.
379 911 454 946 [Dat.
467 911 549 936 Reate
568 911 643 936 t'JJJ.
658 911 696 936 Id.
712 911 781 944 Sept.
796 911 844 935 Ao.
860 910 891 935 X.
909 908 994 943 1225.]

589 985 660 1004 CAP.
676 984 737 1004 XII-¹

195 1024 246 1045 Non
259 1024 320 1044 valet
334 1025 519 1048 compi-omissum
535 1024 616 1044 factum
631 1025 655 1043 in
670 1024 725 1043 duos
739 1024 787 1043 sive
802 1023 884 1048 plui-es,
903 1023 945 1041 hoc
960 1023 1055 1047 adiecto,
1075 1024 1099 1041 ut
1113 1023 1135 1041 in

298 1056 349 1070 casu
360 1051 485 1070 discordiae
496 1050 591 1074 eligatur
601 1051 679 1069 tertius
689 1056 728 1074 per
738 1050 829 1069 eosdem
839 1049 875 1069 vel
885 1049 948 1068 alios.
976 1050 1003 1068 H.
1016 1049 1036 1068 u.

197 1102 389 1135 Gregorius
412 1102 459 1127 IX.
483 1101 620 1127 Decano
644 1105 676 1127 et
700 1101 865 1134 Magistro
889 1101 918 1125 P.
943 1099 1134 1125 Canonic02

356 1141 383 1166 S.
403 1140 493 1166 Petri
512 1139 755 1165 Atrebatensis
774 1139 974 1165 dioecesis-³.

264 1187 386 1213 Innotuit
410 1187 491 1213 nobis
517 1186 700 1213 Guilielmo4‘
725 1187 796 1212 laico
821 1190 1023 1220 conquerente,
1049 1185 1135 1218 quod,

197 1230 282 1260 quum
293 1223 326 1248 O.
340 1223 427 1248 laicus
441 1222 533 1255 ipsum
544 1230 630 1255 super
639 1221 761 1255 quadam
772 1229 881 1246 summa
895 1220 1030 1254 pecuniae
1041 1228 1136 1245 coram

196 1256 333 1282 iudicibus
351 1256 518 1282 auctoritate
535 1256 691 1290 apostolica
708 1256 896 1285 convenisset,
920 1254 1035 1280 tandem
1052 1253 1104 1279 fuit
1121 1262 1137 1278 a

196 1292 322 1329 partibus
336 1291 364 1316 in
382 1291 453 1316 duos
472 1291 592 1316 arbitros
610 1290 853 1324 compromissum,
871 1290 911 1315 sic
927 1294 1030 1320 tamen,
1050 1287 1136 1322 quod,

196 1333 218 1350 si
232 1326 270 1351 illi
285 1326 341 1351 duo
355 1326 512 1351 adinvicem
526 1325 729 1356 discordarent,
748 1325 862 1350 tertium
878 1323 1015 1349 adderent
1030 1323 1135 1348 iudices

196 1360 340 1392 nominati,
353 1365 462 1386 retenta
475 1368 563 1394 penes
577 1368 608 1385 se
622 1359 808 1393 compellendi
823 1363 916 1392 partes
930 1358 967 1383 ad
986 1358 1136 1383 observan-

197 1394 264 1432 dum
285 1395 431 1420 arbitrium
452 1403 503 1428 per
525 1394 615 1420 dictos
638 1394 757 1419 arbitros
780 1392 1015 1427 promulgandum
1037 1391 1135 1417 nihilo-

196 1437 287 1467 minus
298 1434 448 1463 potestate.
486 1429 635 1462 Quumque
649 1429 747 1454 tertius
760 1428 865 1453 arbiter
878 1436 894 1452 a
908 1427 1044 1452 iudicibus
1056 1434 1137 1460 prae-

197 1463 278 1489 dictis
300 1464 405 1489 electus
429 1472 491 1489 cuin
514 1463 603 1489 altero
621 1462 741 1488 duorum
762 1462 854 1496 ipsum
875 1462 947 1495 parti
970 1461 1050 1486 alteri
1072 1468 1137 1485 con-

197 1497 369 1530 demnasset,
389 1498 473 1530 idem,
492 1506 525 1524 ex
542 1506 576 1523 eo
595 1497 719 1523 sentiens
733 1505 763 1522 se
781 1505 797 1522 a
811 1495 981 1530 saepedictis
999 1495 1137 1520 iudicibus

196 1533 315 1565 gravari,
334 1532 410 1566 quod
428 1533 521 1566 ipsum
537 1533 574 1558 ad
596 1531 838 1558 observantiam5*
855 1529 1014 1556 huiusmodi
1032 1529 1138 1555 arbitrii

248 1638 302 1657 Tit.
316 1638 396 1656 XLIII.
424 1637 485 1661 Cap.
500 1637 537 1656 XI.
567 1636 598 1660 10)
609 1637 708 1656 vestrae:
723 1635 754 1654 Ed
794 1635 826 1659 11)
836 1635 885 1659 ipsa
895 1635 917 1654 in
927 1635 1073 1654 sententiam:
1087 1634 1138 1658 oru'q.

197 1663 231 1687 12)
241 1669 281 1688 pei·
290 1677 295 1683 .
306 1678 311 1682 .
324 1678 329 1683 .
338 1669 393 1682 seiz:
408 1662 475 1682 deest:
489 1663 507 1681 E
515 1662 581 1681 litcht.
657 1662 690 1685 13)
700 1662 895 1685 praenominatum
911 1661 1071 1684 (nominatum:
1088 1659 1139 1683 Eae)

198 1690 289 1709 ducem:
306 1689 380 1713 Eoi-ty.
442 1690 475 1708 141
486 1691 518 1708 et:
534 1688 601 1707 deest:
615 1687 683 1707 Ri'cht.

745 1687 777 1707 15)
789 1688 869 1710 ipsius:
885 1687 924 1706 ME
931 1688 981 1711 oria.
1045 1687 1078 1709 16)
1089 1691 1139 1705 cen<

197 1721 259 1734 suras
274 1716 447 1735 ecclesiasticas:
462 1714 493 1734 Ed

557 1715 590 1737 17)
606 1714 757 1738 compellatis:
773 1712 856 1735 GHKE:
870 1713 1033 1737 compescendo
1048 1712 1107 1736 quod
1121 1712 1139 1730 si

198 1747 243 1760 non
255 1747 331 1772 omues
341 1742 369 1772 iis
379 1741 527 1771 exsequendis
537 1741 646 1760 iuteresse
656 1739 781 1764 potueritis,
793 1739 836 1759 duo
847 1741 944 1759 vestrum
956 1745 982 1758 ea
992 1739 1140 1758 nihilomiuus

197 1773 363 1792 exsequamini:
378 1772 429 1792 omy.

537 246 746 274 DECRETAL.
766 245 929 274 CREGOR.
949 244 995 272 IX.
1014 244 1080 272 LlB.
1099 245 1118 271 1.
1138 244 1207 271 TIT.
1226 244 1320 271 XLIII.
1340 244 1390 271 DE
1409 243 1587 271 ARBITRIS.
1608 251 1630 268 e.
1654 248 1760 275 12-14.

2053 236 2104 265 238

1167 323 1382 357 compellebant,
1395 327 1520 348 nostram
1533 320 1686 356 appellavit
1699 318 1882 348 audientiam;
1897 316 1947 343 sed
1961 317 2013 351 ipsi
2027 316 2102 355 apel-

1166 358 1271 384 latione
1293 362 1455 391 contempta
1477 354 1770 383 excommunicationis
1793 353 1915 378 tulerunt
1933 356 2102 377 sententiam

1168 393 1194 417 in
1208 392 1337 418 eundem.
1374 392 1498 425 Ideoque
1512 391 1687 420 mandamus,
1701 393 1849 422 quatenus,
1863 387 1885 412 si
1900 391 1943 412 est
1956 386 2002 417 ita,
2017 393 2103 419 quum

1167 427 1249 460 legali
1264 427 1299 452 sit
1312 426 1489 465 provisionefi
1503 430 1647 456 statutum,
1661 428 1690 449 ut
1704 421 1937 456 compromissum
1952 420 1987 446 de
1998 420 2104 445 incerta

1168 470 1289 495 persona
1311 470 1338 486 in
1360 460 1522 486 arbitrium?
1545 458 1715 485 assumenda
1737 465 1793 482 non
1814 460 1917 487 teneat,
1940 455 2043 480 dictam
2061 462 2105 479 ex-

1168 495 1425 521 communicationis
1456 494 1623 521 scntentiam
1654 491 1827 518 denuncietis
1857 490 1968 524 penitus
2002 488 2106 514 nullam

1170 539 1242 556 esse.

1565 580 1582 600 C
1589 580 1633 599 ΑΡ.
1649 580 1708 598 xm.

1169 616 1231 635 Valet
1248 617 1431 640 compromissum
1447 616 1530 634 far-tuin
1546 616 1567 633 in
1579 620 1655 636 unuin,
1670 613 1705 632 vel
1722 613 1744 631 in
1754 612 1836 636 plui-os,
1846 613 1869 630 ut
1885 611 1926 635 ipsi
1938 616 1976 634 per
1985 615 2008 629 se
2019 614 2108 628 causam

1168 643 1282 665 definiant,
1298 643 1333 660 vel
1349 648 1388 666 per
1402 642 1464 664 aliosv
1480 647 1534 665 quos
1551 641 1590 664 ipsi
1606 640 1722 663 elegerint.
1755 639 1781 657 ii.
1793 638 1813 656 tl.
1825 638 1946 656 secundum
1961 635 2107 657 intellectum,

1168 673 1233 692 quem
1248 668 1317 687 sensit
1336 669 1402 692 gloss.
1417 669 1461 693 liicy
1482 670 1503 686 ut
1517 666 1663 710 Iiiinjfleiitilps
1683 665 1705 683 in
1720 665 1792 688 capite
1811 663 1961 687 praecedeuti,
1980 662 2017 685 qui
2036 661 2109 685 placet

1541 698 1570 711 ini
1590 698 1603 710 1.
1650 696 1735 709 :moi-ni.

1249 740 1338 766 Idem
1357 740 1567 766 Abbatissae
1587 742 1619 764 et
1639 735 1829 762 Conventui
1849 733 2021 761 Iotrensil.

1239 789 1330 821 Quum
1352 796 1368 813 a
1381 787 1462 812 nobis
1480 786 1584 820 petitur
1606 785 1650 817 (Et
1668 783 1765 815 insitu)
1787 783 1827 808 Ex
1845 787 1925 816 parte
1943 786 2037 807 vestra
2056 779 2108 806 fuit

1170 823 1354 856 propositum,
1374 821 1459 855 quod,
1478 820 1544 846 olim
1563 820 1633 845 inter
1651 826 1701 843 vos
1719 822 1747 843 et
1762 817 1954 842 Senonensem
1972 815 2107 848 archiepi—

1170 866 1288 891 scopum
1302 856 1467 890 quaestione
1485 855 1609 885 suborta,
1629 860 1714 886 super
1727 860 1771 883 eo,
1791 850 1867 884 quod
1880 851 1955 876 idem
1973 849 2109 882 archiepi-

1171 900 1283 925 scopus,
1305 899 1434 916 asserens
1452 888 1654 915 monasterium
1675 890 1799 912 vestrum
1821 884 2027 917 metropolitico
2050 884 2109 908 iure

1171 926 1223 951 sibi
1246 926 1373 956 subesse,
1395 923 1606 958 procurationes
1630 926 1657 946 et
1675 929 1719 946 res
1743 920 1810 945 alias
1834 919 1964 952 exigebat
1981 927 1997 944 a
2018 918 2109 949 vobis,

1171 960 1286 986 tandem
1311 960 1337 985 in
1362 960 1396 984 R.
1422 957 1509 984 sancti
1535 955 1635 989 Angeli
1664 955 1813 980 diaconum
1838 953 2018 984 cardinalem,
2045 957 2110 978 tunc

1171 994 1344 1028 apostolicae
1362 993 1437 1019 sedis
1456 993 1591 1025 legatum,
1609 999 1626 1015 a
1644 989 1769 1023 partibus
1789 987 1964 1013 concorditer
1983 994 2109 1020 compro—

1170 1030 1266 1060 misso,
1280 1033 1308 1054 et
1321 1027 1460 1062 promisso
1475 1026 1526 1051 sub
1541 1030 1617 1050 certa
1634 1031 1736 1057 poena,
1756 1022 1833 1056 quod
1847 1021 1960 1047 arbitrio
1974 1029 2023 1046 seu
2037 1021 2110 1046 ordi-

1171 1063 1277 1089 nationi
1291 1062 1428 1093 eiusdem,
1446 1060 1490 1086 vel
1505 1060 1624 1085 duorum
1637 1058 1834 1088 mediatorum,
1853 1064 1924 1089 quos
1938 1055 2013 1081 idem
2027 1063 2111 1089 super

1171 1099 1225 1123 hoc
1247 1098 1406 1131 deputaret,
1429 1095 1555 1129 praecise
1578 1096 1718 1127 parerent,
1741 1091 1876 1124 magister
1898 1091 1926 1115 P.
1949 1089 2110 1123 capellanus

1172 1137 1275 1163 noster,
1290 1136 1317 1157 et
1331 1132 1350 1156 I.
1364 1130 1576 1156 archidiaconus
1592 1126 1763 1153 Senonensis
1777 1125 1947 1151 mediatores
1961 1124 1996 1149 ab
2010 1124 2112 1149 eodem

1172 1175 1257 1200 super
1270 1167 1323 1191 hoc
1336 1164 1463 1199 deputati
1476 1164 1581 1196 legam,
1600 1160 1756 1187 ordinando
1775 1164 1802 1185 et
1816 1158 1980 1184 diffiniendo
1999 1166 2112 1183 causam

1172 1200 1332 1226 huiusmodi
1351 1199 1578 1225 terminaverunt.
1616 1196 1674 1221 Nos
1693 1195 1776 1228 igitur
1795 1193 1871 1227 quod
1889 1201 1939 1226 per
1952 1192 2112 1226 praedictos

1173 1236 1344 1261 mediatores
1359 1241 1444 1267 super
1457 1233 1511 1258 hoc
1529 1236 1623 1257 actum
1636 1234 1679 1256 est
1698 1228 1864 1254 auctoritate
1881 1227 2036 1261 apostolica
2050 1235 2114 1251 con-

1173 1270 1325 1295 firmamus.

1565 1318 1581 1337 C
1589 1318 1606 1337 A
1613 1318 1638 1336 P.
1654 1317 1711 1337 XIV.

1173 1356 1364 1380 Compromissum
1379 1356 1431 1373 ante
1450 1353 1585 1372 senteutiam
1600 1352 1668 1371 latinu
1688 1351 1763 1370 finitur
1777 1351 1848 1368 morte
1868 1349 1960 1368 alterius
1975 1348 2115 1372 compi-omit<

1172 1383 1279 1405 tentiuui3
1295 1382 1355 1400 unde
1370 1386 1416 1399 uon
1431 1380 1512 1398 transit
1527 1380 1550 1397 iu
1566 1378 1660 1397 heredes
1675 1376 1913 1400 compromittentium,
1933 1375 1977 1393 nisi
1998 1374 2025 1393 ile
2039 1374 2072 1393 eis
2086 1374 2115 1392 sit

1199 1410 1288 1427 cautum
1298 1408 1322 1426 in
1333 1406 1501 1430 compromisso.
1530 1406 1577 1424 Hoc
1589 1404 1644 1423 dicit
1654 1402 1864 1427 comprehendendo
1876 1403 1974 1420 mentem
1984 1400 2084 1424 capituti.

1588 1446 1704 1472 Ideml.

1243 1491 1488 1526 Compromissum
1517 1498 1573 1515 non
1609 1488 1767 1515 extenditur
1800 1487 1828 1512 in
1862 1485 2114 1520 compromittentis

1175 1527 1307 1559 heredes,
1321 1527 1343 1552 si
1358 1526 1394 1552 de
1407 1526 1475 1560 ipsis
1489 1533 1545 1550 non
1559 1528 1691 1550 caveatur
1704 1522 1817 1548 ibidem.

1228 1632 1243 1651 C
1250 1637 1288 1655 ap.
1303 1631 1351 1650 XII.
1375 1630 1395 1653 1)
1402 1630 1510 1649 1227—34.
1518 1627 1643 1647 -Putitmst
1653 1633 1685 1646 iio.
1692 1627 1749 1646 9581.
1777 1626 1797 1646 2)
1804 1626 1929 1645 canonicis:
1940 1623 1983 1643 MN
2006 1624 2027 1647 3)
2034 1624 2116 1642 dinem:

1175 1658 1244 1677 ilcest:
1259 1656 1288 1676 sr'I
1312 1657 1333 1680 4)
1345 1657 1391 1676 &Va
1407 1655 1484 1675 FGHI:
1499 1656 1538 1674 G.:
1554 1654 1575 1673 K
1598 1655 1617 1677 5)
1629 1653 1822 1672 observationem:
1838 1650 1961 1670 FGHIKLM
1991 1650 2010 1674 ὓ)
2021 1650 2048 1674 cf.
2060 1649 2073 1668 l.
2085 1649 2116 1668 17.

1175 1687 1193 1707 ᾗ.
1205 1685 1223 1703 5.
1235 1683 1279 1707 Diy.
1291 1683 1315 1702 de
1326 1688 1363 1701 rec.
1375 1682 1394 1701 et
1403 1683 1439 1706 qui
1448 1681 1491 1700 arb.
1503 1682 1530 1705 (4,
1542 1682 1571 1702 Β.)
1625 1680 1645 1699 7)
1655 1680 1774 1698 arbitrum:
1790 1677 1831 1697 LN.

1228 1710 1289 1733 Cap.
1304 1709 1363 1727 XIII.
1392 1710 1412 1729 1)
1422 1708 1528 1726 Ireteusi:
1545 1706 1576 1727 M:
1587 1717 1610 1720 —-
1622 1706 1729 1724 1:227—34.
1742 1715 1763 1717 —
1774 1703 1868 1723 Potitiast
1877 1709 1911 1723 ιιο.
1922 1704 1979 1722 9552.

1227 1736 1288 1759 Cap.
1303 1735 1361 1755 XIV.
1390 1735 1409 1758 1)
1421 1734 1528 1753 1227—34.
1542 1743 1563 1746 ν-
1574 1731 1668 1751 Pontius-t
1679 1736 1712 1750 no.
1723 1732 1781 1750 9553.

956 1920 1065 1940 Fixis
1095 1918 1209 1938 LIBRI
1237 1917 1362 1937 PRIMI.
