2243 3288
138 269 205 297 1145

139 348 257 374 rundem
279 350 374 373 autem
395 346 594 381 episcoporum
611 348 766 374 sententias
783 351 812 374 et
829 355 990 382 processus,
1009 355 1080 381 quos

139 383 168 409 in
185 381 346 417 praemissis
364 381 475 407 casibus
489 382 517 407 in
530 382 590 408 aliis
598 382 625 400 θ*
643 382 821 409 dioecesibus
836 382 965 408 duxerint
977 382 1080 408 facien-

140 417 202 449 dos,
216 416 385 442 denuncient
403 424 453 442 seu
471 416 632 443 denunciari
654 417 757 443 saciant
778 425 828 451 per
845 425 911 442 suas
933 416 1079 442 dioeceses

140 450 276 477 convicini
289 450 425 484 episcopi,
439 459 525 484 quum
538 451 573 477 ab
587 451 628 477 eis
642 451 745 478 fuerint
762 451 898 485 requisiti.
934 451 987 477 Per
1000 459 1078 485 prae-

139 485 226 511 missa
239 493 354 518 quoque
366 485 473 510 nullum
485 494 520 511 ex
537 490 698 511 transcursu
711 486 845 520 temporis
860 485 1078 519 quanticunque,

139 520 186 546 vel
197 519 266 545 alias
280 527 394 553 quoquo
405 520 492 545 modo
505 520 630 546 locorum
642 520 827 552 dioecesanis,
837 520 882 546 vel
892 520 953 546 aliis
965 520 1078 554 quibus-

140 562 260 588 cunque,
282 553 503 580 iurisdictionem
527 554 696 580 habentibus
718 555 747 580 in
767 554 836 580 locis
858 554 1029 588 praemissis,
1051 555 1079 581 in

141 588 243 622 quibus
264 588 417 622 praedicti?
439 589 566 623 episcopi
587 589 627 615 sic
651 589 760 623 expulsi
784 588 1015 622 iurisdictionem,
1038 590 1077 623 (ut

140 622 330 658 praedicitur‚)
344 623 523 656 exercebunt,
536 623 740 658 praeiudicium
753 627 912 658 generetur.

458 712 683 742 TITULUS
710 712 760 740 m.

138 770 194 796 DE
207 769 349 796 CAUSA
362 770 660 797 POSSESSIONIS
673 770 727 796 ET
740 770 1079 797 PROPRIETATIS1.

538 840 611 859 CAP.
626 840 678 859 UN.

138 875 165 894 In
184 879 251 893 eausa
269 874 403 897 beneficiali,
415 875 490 894 delata
507 875 575 894 etiam
593 880 633 898 per
647 874 821 899 appellationem
836 875 864 894 :ul
881 876 972 899 curiam,
987 877 1080 899 utraque

139 906 189 924 pars
200 902 274 924 potest
283 900 411 924 petitorium
423 902 445 920 et
454 901 616 924 possessorium
626 901 745 920 intentare.
765 902 793 920 Et
803 903 854 920 ante
865 907 945 920 causae
956 902 1080 920 conclusio·

139 932 191 946 nem
210 928 283 951 potest
297 926 411 950 spoliatus,
427 932 534 950 suspenso
549 927 653 950 petitorio
667 933 707 946 suo
722 927 759 946 vel
774 927 903 951 adversarii,
919 928 1080 951 possessorium

462 953 574 977 prosequi.
601 953 759 972 Ioauu.Andr.

278 1003 434 1029 Clemens
454 1003 489 1029 V.
508 1003 540 1028 in
560 1003 708 1029 concilio
728 1004 941 1030 Viennensi1.

208 1046 300 1072 Causa
316 1045 473 1072 beneficiali
490 1054 542 1080 per
558 1046 778 1080 appellationem
795 1048 831 1072 ad
848 1047 946 1073 sedem
965 1051 1078 1081 aposto-

138 1081 221 1107 licam
230 1080 356 1114 legitime
366 1080 508 1113 devoluta,
515 1084 572 1106 tam
581 1081 736 1114 appellanti
747 1090 830 1115 quam
841 1082 983 1115 appellato
995 1082 1079 1108 licere

138 1115 331 1141 decernimus2
349 1115 454 1141 nedum
471 1115 642 1149 petitorium,
656 1116 706 1141 sed
724 1120 752 1142 et
769 1117 977 1150 possessorium
990 1117 1078 1143 inten-

139 1154 212 1182 tare,
236 1154 265 1176 et
293 1149 321 1175 in
349 1150 496 1183 spoliantis
525 1150 621 1175 odium
649 1154 715 1176 ante
745 1159 846 1176 causae
870 1151 1079 1177 conclusionem

139 1184 313 1218 suspendere
329 1184 501 1218 petitorium,
514 1193 531 1209 a
544 1193 575 1210 se
589 1189 616 1210 et
631 1185 666 1210 ab
685 1185 846 1211 adversario
861 1185 1038 1219 intentatum,
1052 1187 1079 1211 in

138 1219 200 1245 solo
213 1219 390 1253 possessorio
404 1219 595 1253 procedendo.

453 1307 678 1336 TITULUS
709 1308 759 1335 IV.

310 1365 365 1391 DE
388 1365 503 1391 DOLO
527 1365 581 1391 ET
605 1365 903 1391 CONTUMACIA.

540 1435 614 1454 CAP.
629 1435 681 1454 HN.

138 1470 260 1494 Appellans
274 1470 326 1488 aute
341 1469 492 1493 diffinitivam,
504 1469 571 1488 otiam
585 1475 598 1488 a
608 1469 734 1491 diffinitiva.
750 1470 795 1489 lata
809 1476 835 1489 eo
850 1470 950 1491 absente,
962 1471 1029 1489 citato
1043 1470 1079 1489 vel

138 1502 191 1520 non,
207 1495 320 1519 appellare
339 1497 418 1519 potest,
435 1496 478 1514 nisi
497 1496 569 1519 prima
587 1496 707 1519 appellatio
723 1496 790 1514 fuerit
805 1496 885 1514 frivola
900 1496 1024 1519 manifeste,
1035 1502 1079 1520 quo

207 1527 258 1541 casu
267 1527 314 1540 non
324 1521 422 1545 appellat
432 1523 537 1545 tauquam
549 1522 679 1540 manifestus
690 1523 818 1541 contumax.
845 1522 924 1541 Ioann.
935 1522 1005 1541 Andr.

277 1572 432 1598 Clemens
452 1572 486 1597 V.
506 1572 537 1597 in
557 1572 703 1598 concilio
722 1572 936 1598 Viennensil.

208 1615 237 1641 Si
250 1619 315 1640 ante
330 1614 506 1640 diffinitivam
519 1615 687 1640 sententiam
700 1624 716 1640 a
728 1615 818 1641 iudice
830 1615 892 1649 quis
906 1615 1078 1649 appellando

139 1649 264 1681 recedat,
277 1654 305 1675 et
319 1649 410 1684 iudex,
424 1657 491 1675 suae
508 1649 690 1683 appellationi
707 1658 763 1675 non
782 1650 922 1682 deferens,
936 1658 970 1676 eo
984 1650 1078 1682 citato,

139 1685 185 1710 vel
207 1684 292 1710 etiam
314 1692 369 1709 non
392 1683 486 1715 citato,
504 1684 619 1709 ulterius
642 1684 669 1709 in
692 1692 776 1710 causa
797 1685 964 1718 procedens,
982 1690 1079 1710 contra

140 1719 233 1753 ipsum
255 1718 339 1744 etiarn
357 1718 506 1744 absentem
523 1719 692 1744 sententiam
710 1718 885 1744 diffinitivam
905 1719 1079 1752 promulget3

140 1753 244 1788 poterit
265 1752 340 1778 idem
358 1752 504 1786 appellans
522 1761 538 1778 a
556 1752 631 1778 dicta
648 1753 786 1779 sententia
808 1753 879 1779 infra
897 1757 1008 1787 tempus
1031 1753 1079 1779 de-

140 1788 230 1847 ὒίῒυπέ
254 1787 410 1821 appellare:
435 1787 489 1812 nisi
511 1787 570 1813 eius
592 1787 682 1821 prima
702 1787 855 1822 appellatio
881 1792 957 1814 esset
982 1788 1080 1814 frivola

139 1823 214 1848 mani
228 1826 298 1848 este.

464 1893 688 1922 TITULUS
715 1893 751 1921 V.

214 1952 270 1978 UT
289 1951 386 1977 LITE
404 1951 635 1977 PENDENTE
652 1951 722 1977 NIL
740 1951 1007 1978 INNOVETUR.

558 2021 630 2040 CAP.
645 2021 663 2040 I.

140 2057 163 2076 Si
175 2057 218 2076 duo
229 2056 343 2080 litigantes
353 2061 419 2079 super
433 2055 542 2074 beneficio
556 2056 688 2077 moriantur,
699 2055 746 2075 sive
757 2057 850 2080 uterque
861 2056 884 2074 in
895 2056 963 2079 curia,
974 2055 1010 2075 vel
1021 2056 1081 2075 solus

140 2083 264 2107 possidens,
275 2082 318 2106 vol,
333 2084 413 2100 neutro
429 2081 564 2105 possidente,
575 2081 632 2100 alter
646 2083 740 2105 tanturn,
754 2082 825 2100 altero
840 2081 894 2100 alibi
909 2082 1032 2100 moriente:
1052 2082 1080 2101 ad

139 2110 230 2133 Papam,
241 2110 263 2126 et
272 2108 295 2126 iu
306 2108 421 2126 conversis
431 2108 519 2126 casibus
529 2107 557 2126 ad
567 2107 706 2126 ordinarium
716 2110 802 2131 spectat
812 2107 910 2130 collatio,
917 2107 936 2126 si
946 2107 974 2126 ad
984 2107 1080 2127 alterum

140 2135 274 2154 beneficium
290 2133 424 2157 pertinebat.
452 2132 476 2152 Si
494 2136 569 2152 autem
588 2133 644 2152 alter
658 2135 745 2152 tantum
760 2134 861 2156 moritur,
878 2134 896 2151 si
910 2135 1028 2157 superstes,
1044 2134 1080 2152 vel

140 2161 205 2184 alius,
217 2160 279 2179 cuius
290 2159 385 2183 intersit,
396 2159 459 2178 litem
469 2159 622 2183 prosequitur:
632 2165 660 2178 ex
670 2159 744 2178 futuro
755 2161 836 2178 eventu
845 2159 969 2183 apparebit,
976 2159 1004 2178 ad
1014 2165 1079 2183 quem

421 2184 512 2204 collatio
522 2186 614 2209 spectat.
640 2185 720 2204 Ioann.
731 2184 802 2204 Andr.

278 2236 434 2262 Clemens
452 2235 487 2261 V.
507 2235 539 2261 in
557 2235 704 2262 concilio
723 2235 937 2262 Viennensil.

209 2279 237 2305 Si
256 2279 366 2304 duobus
384 2278 412 2304 in
428 2278 556 2304 Romana
568 2278 646 2304 curia
662 2287 747 2313 super
759 2278 898 2305 beneficio
911 2278 963 2304 sibi
977 2279 1078 2304 collato

139 2314 324 2348 litigantibus,
337 2313 365 2339 in
378 2313 478 2339 eadem
490 2313 566 2339 curia
578 2313 648 2339 mori
662 2313 806 2347 contingat
818 2317 980 2347 utrumque:
995 2313 1078 2339 colla-

141 2349 247 2375 tionem
259 2347 421 2374 huiusmodi
434 2347 562 2374 beneficii
575 2348 612 2373 ad
621 2348 779 2374 Romanum
791 2347 964 2380 Pontificem,
976 2347 999 2373 si
1011 2356 1078 2374 vero

140 2388 219 2410 extra
232 2382 335 2408 dictam
352 2382 466 2413 curiam,
479 2382 515 2408 ad
533 2382 703 2408 ordinarium
718 2382 912 2409 decernimusss
928 2382 1078 2416 pertinere,

140 2418 193 2444 nisi
206 2417 301 2443 forsan
314 2417 384 2442 alius
395 2416 430 2442 ab
441 2416 481 2442 eis
495 2417 522 2442 in
536 2417 611 2442 dicto
624 2417 762 2443 beneficio
777 2417 819 2442 ius
831 2417 958 2443 haberet.
983 2416 1078 2450 Quod-

141 2453 163 2479 si
177 2461 261 2478 unum
274 2452 302 2478 in
315 2451 391 2477 dicta
404 2451 489 2482 curia,
502 2451 621 2477 alterum
634 2459 700 2477 vero
715 2455 792 2477 extra
806 2451 876 2477 mori
890 2451 1042 2484 contingat,
1056 2451 1078 2477 si

139 2487 262 2513 moriens
273 2486 301 2511 in
311 2485 387 2511 curia
398 2485 566 2512 beneficium
579 2486 758 2519 possidebat:
773 2486 809 2511 ad
820 2487 978 2511 Romanum
988 2486 1079 2511 Ponti-

141 2522 232 2553 ficem,
245 2521 268 2547 si
285 2528 352 2546 vero
370 2520 450 2552 alius,
467 2520 504 2546 ad
521 2520 691 2546 ordinarium
708 2521 848 2554 pertineat
865 2520 976 2546 collatio
995 2528 1079 2554 supra

142 2557 226 2582 dicta.
262 2556 367 2581 Neutro
385 2559 480 2580 autem
502 2555 626 2588 ipsorum
648 2555 815 2581 beneficium
836 2554 1010 2588 possidente,
1028 2554 1079 2580 erit

140 2592 284 2617 Romanus
309 2588 436 2615 Pontifex
465 2593 580 2623 propter
604 2589 776 2615 auctoritatis
802 2589 1027 2623 praerogativam
1052 2589 1079 2614 in

141 2625 289 2652 collatione
310 2623 471 2649 huiusmodi
492 2623 704 2657 praeferendus.
742 2624 769 2649 Si
787 2632 854 2650 vero
871 2624 942 2649 alter
961 2627 1079 2649 tantum—

140 2659 236 2692 modo,
250 2660 308 2685 sive
321 2666 471 2692 possessor
484 2658 543 2684 sive
560 2658 673 2692 petitor,
687 2658 817 2690 decedat,
831 2658 853 2683 si
867 2662 1021 2692 superstes,
1035 2658 1079 2684 vel

140 2695 220 2727 alius,
234 2694 311 2719 cuius
324 2693 441 2724 intersit,
455 2701 568 2718 causam
581 2692 759 2718 nihilominus
773 2696 969 2726 prosequatur,
983 2693 1079 2726 (quum

140 2729 252 2755 interim
273 2727 441 2754 beneficium
464 2727 499 2753 de
521 2727 580 2753 iure
598 2727 718 2753 conferri
736 2735 791 2752 non
808 2727 918 2761 possit,)
936 2727 972 2752 ad
994 2735 1079 2760 quem

140 2763 251 2790 collatio
268 2762 327 2789 eius
346 2761 494 2796 pertineat,
510 2761 618 2787 futurus
637 2761 790 2787 declarabit
808 2766 935 2787 eventus.
971 2762 1043 2787 Nam
1057 2761 1079 2787 si

141 2798 178 2824 ad
191 2797 354 2824 defunctum
367 2795 536 2830 pertinuisse
546 2795 715 2822 beneficium
725 2796 807 2822 fuerit
818 2795 1003 2821 declaratum:
1017 2803 1079 2829 per-

140 2832 240 2859 tinebit
253 2831 289 2858 ad
302 2832 417 2865 Papam,
431 2831 454 2856 si
467 2830 514 2856 ille
527 2830 555 2856 in
567 2831 652 2863 curia,
663 2830 707 2856 vel
720 2830 757 2857 ad
770 2830 951 2863 ordinarium,
965 2830 988 2856 si
1001 2834 1081 2856 extra

191 2963 244 2982 Tit.
258 2963 288 2982 11.
315 2962 378 2986 Cap.
392 2967 430 2981 un.
465 2960 486 2985 6)
497 2960 588 2980 alienis:
603 2960 663 2980 Codd,
674 2959 720 2980 coll.

139 2989 247 3008 mittitur:
261 2988 358 3010 mom.-
371 2988 523 3012 praediximus
533 2987 562 3006 al.
573 2987 666 3006 dieitur:
681 2986 702 3005 Η

190 3015 243 3034 Tit.
257 3015 298 3034 m.
325 3015 345 3038 1)
354 3014 470 3038 petitoria:
486 3013 500 3032 Λ

190 3040 252 3064 Gap.
266 3041 284 3060 Ι.
312 3040 332 3064 1)
342 3041 416 3060 Idem:
430 3039 458 3061 A:
473 3040 497 3058 iu
507 3039 531 3059 C.
541 3039 635 3059 Vienn.:
650 3038 717 3057 deest:
731 3037 783 3057 III-50
827 3038 847 3061 2)
858 3038 1011 3058 decrevimus:
1028 3037 1081 3057 ABG

189 3066 243 3085 Tit.
257 3066 296 3087 IV.
324 3066 386 3091 Cap.
401 3071 439 3086 un.
467 3066 486 3089 1)
497 3065 571 3084 Idem:
586 3064 615 3085 A.-
629 3065 653 3083 in
663 3064 731 3083 Cone.
742 3064 820 3084 viem:
835 3064 904 3083 deest:
919 3063 985 3084 offo

189 3092 242 3111 Tit.
257 3093 283 3112 V.
311 3092 372 3117 Cap.
386 3092 404 3111 Ι.
432 3092 452 3116 i)
462 3092 536 3111 Idem:
550 3091 579 3114 A,-
593 3091 617 3110 in
627 3090 652 3110 C.
663 3091 741 3111 Vion.:
756 3089 825 3109 deest:
840 3089 909 3109 DEFG
971 3090 991 3114 2)
1003 3090 1078 3110 deero-

140 3117 224 3138 vimus:
238 3117 274 3137 AB

774 2960 794 2985 7)
805 2960 871 2980 dieti:
886 2959 938 2980 Aac
987 2959 1007 2985 8)
1017 2965 1080 2985 prae-

501 269 828 296 CLEMENTINARUM
845 268 912 295 LIB.
930 269 962 296 II.
980 269 1052 295 TIT.
1070 269 1187 296 II—VII.
1205 270 1257 296 DE
1275 270 1583 297 PRORATIONIBUS.
1602 279 1626 297 e.
1644 279 1690 297 un.

1986 269 2053 296 1146

1117 348 1220 374 curiam
1242 349 1279 375 sit
1300 348 1459 375 defunctus.
1496 349 1604 383 Quodsi
1622 349 1658 375 ad
1675 352 1804 375 neutrum
1821 348 1889 374 illud
1909 351 2053 382 spectasse

1116 383 1285 409 constiterit:
1308 384 1345 409 ad
1364 383 1535 410 ordinarium
1553 384 1666 409 collatio
1684 383 1846 417 pertinebit,
1864 383 1941 409 salva
1958 387 2052 408 tamen

1117 418 1143 442 in
1157 418 1320 451 praemissis
1334 418 1464 444 omnibus
1474 418 1593 444 Romani
1604 418 1744 443 Pontificis
1758 422 1908 452 potestate,
1919 417 1955 443 ad
1969 425 2053 451 quem

1115 452 1305 485 ecclesiarum,
1316 457 1526 487 personatuum,
1537 453 1704 486 dignitatum
1714 453 1889 486 aliorumque
1901 451 2051 478 beneficio-

1115 495 1175 512 rum
1200 487 1453 513 ecclesiasticorum
1477 488 1561 521 plena
1585 491 1613 513 et
1637 487 1726 513 libera
1751 486 1900 521 dispositio
1926 495 1959 512 ex
1984 494 2052 512 suae

1114 522 1263 555 potestatis
1277 521 1450 556 plenitudine
1463 522 1587 548 noscitur
1599 522 1750 556 pertinere.

1527 591 1600 611 CAP.
1614 591 1643 610 Π.

1114 626 1152 645 Lis
1170 626 1253 645 dicitur
1270 626 1368 650 pendere
1386 626 1458 650 quoad
1477 626 1527 649 hoc,
1546 627 1570 644 ut
1588 625 1646 644 nihil
1665 625 1745 645 debeat
1763 625 1875 648 innovari,
1890 630 1957 649 quum
1977 624 2053 644 citatio

1114 652 1213 675 legitime
1223 652 1362 676 pervenitad
1376 654 1469 675 partem,
1481 652 1517 671 vel
1531 657 1571 675 per
1581 657 1630 670 eain
1640 652 1708 675 stetit,
1719 657 1762 675 quo
1773 652 1846 670 minus
1857 652 1991 675 perveniret,
2003 657 2053 669 cum

1113 678 1154 697 tali
1164 678 1314 702 expressione,
1326 678 1384 702 quod
1398 678 1471 702 potuit
1484 678 1564 697 instrui
1579 683 1646 702 super
1659 683 1702 701 quo
1713 678 1867 697 conveniatur.
1894 677 1972 696 Ioanu.
1982 677 2054 696 Andr.

1534 728 1635 754 Idem.

1183 772 1285 805 Quum,
1298 771 1346 798 lite
1362 771 1505 805 pendente
1518 770 1585 797 nihil
1603 770 1707 797 debeat
1719 770 1854 803 innovari,
1866 770 1944 796 litem
1957 770 2053 804 quoad

1114 806 1168 832 hoc
1189 806 1314 840 pendere
1336 814 1494 838 censemus,
1515 809 1665 840 postquam
1687 813 1704 830 a
1724 805 1816 831 iudice
1833 805 2004 838 competenti
2025 805 2053 830 in

1114 849 1148 867 ea
1161 841 1255 866 citatio
1269 840 1418 872 emanavit,
1431 844 1460 866 et
1477 840 1513 865 ad
1530 845 1640 874 partem
1658 840 1771 865 citatam
1788 840 1924 873 pervenit,
1936 839 1982 864 vel
2003 847 2054 873 per

1115 884 1177 902 eam
1198 875 1303 901 factum
1325 875 1384 907 fuit,
1403 883 1459 908 quo
1481 875 1572 900 minus
1593 874 1630 899 ad
1652 874 1712 900 eius
1734 873 1860 899 notitiam
1880 873 2051 907 perveniret;

1116 910 1182 936 dum
1205 915 1298 936 tamen
1315 909 1342 935 in
1360 909 1492 935 citatione
1513 908 1657 942 praedicta
1678 908 1745 934 talia
1766 908 1820 933 sint
1842 916 1984 942 expressa,
2003 916 2054 941 per

1116 952 1189 979 quae
1201 945 1285 979 plene
1298 943 1389 978 possit
1402 943 1508 976 instrui,
1519 951 1605 978 super
1616 943 1716 977 quibus
1730 942 1757 968 in
1769 942 1871 968 iudicio
1881 942 2053 969 convenitur.

1429 1031 1655 1060 TITULUS
1682 1031 1733 1059 V1.

1132 1091 1187 1117 DE
1211 1089 1605 1124 SEQUESTRATIONE
1628 1088 1956 1115 POSSESSIONUM
1978 1089 2032 1116 ET

1459 1132 1713 1158 FRUCTUUM.

1512 1210 1586 1230 CAP.
1600 1210 1653 1230 UN.

1114 1247 1138 1266 Si
1153 1252 1219 1270 super
1232 1245 1342 1265 beneficio
1356 1246 1435 1264 eontra
1448 1245 1518 1269 ipsius
1532 1250 1689 1269 possessorem,
1700 1244 1738 1268 qui
1752 1244 1850 1264 triennio
1860 1250 1906 1264 non
1916 1245 2021 1269 possedit,
2033 1246 2055 1264 in

1115 1273 1220 1297 petitorio
1234 1272 1270 1291 vel
1285 1272 1422 1296 possessorio
1436 1276 1482 1290 una
1496 1271 1617 1290 diffinitiva
1631 1271 1702 1290 fertur
1715 1271 1739 1289 in
1753 1271 1822 1292 curia,
1834 1271 1922 1290 etiamsi
1937 1272 1998 1290 nulla
2008 1272 2056 1290 forn

1116 1299 1209 1321 dicatur,
1221 1299 1290 1322 ipsius
1300 1297 1405 1317 beneficii
1418 1297 1566 1320 sequestratio
1581 1302 1621 1320 per
1634 1297 1679 1315 loci
1694 1297 1831 1315 ordinarium
1846 1297 1894 1316 fieri
1905 1297 1977 1321 dohet,
1989 1303 2054 1321 quam

1115 1325 1246 1348 impediens,
1258 1324 1294 1343 vel
1308 1324 1458 1347 sequestratos
1472 1323 1557 1342 fructus
1572 1328 1690 1346 occupans,
1701 1323 1910 1341 excommunicatus
1925 1325 1964 1342 est.
1992 1324 2021 1341 Et
2035 1323 2054 1343 si

1136 1352 1169 1370 est
1179 1351 1206 1370 de
1215 1350 1362 1374 litigantibus,
1374 1349 1433 1368 eadit
1442 1354 1455 1368 a
1465 1349 1513 1368 iure
1523 1354 1569 1372 suo.
1581 1350 1603 1368 et
1613 1349 1693 1373 repicit
1702 1348 1831 1372 pendentia.
1857 1349 1936 1368 Ioaun.
1946 1349 2016 1368 Andr.

1523 1399 1640 1425 Ideml.

1182 1443 1228 1469 Ad
1241 1441 1463 1477 compescendas
1476 1441 1646 1476 litigantium
1658 1441 1778 1467 malitias
1790 1441 1950 1474 diffinimus,
1960 1446 1991 1468 ut
2001 1451 2055 1468 una

1114 1483 1211 1504 contra
1223 1485 1418 1512 possessorem
1429 1476 1575 1503 diffinitiva
1586 1476 1726 1502 sententia
1735 1484 1821 1510 super
1830 1477 1968 1502 beneficio
1979 1478 2054 1511 apud

1114 1513 1215 1539 sedem
1236 1512 1421 1546 apostolicam
1443 1511 1577 1537 duntaxat
1598 1511 1626 1536 in
1650 1511 1781 1545 petitorio
1806 1511 1851 1537 vel
1876 1512 2053 1545 possessorio

1115 1547 1300 1581 promulgata,
1324 1545 1492 1572 beneficium
1516 1546 1617 1580 ipsum,
1642 1545 1752 1571 etiamsi
1777 1545 1899 1579 dignitas
1924 1546 1968 1572 vel
1992 1555 2055 1580 per-

1114 1586 1229 1608 sonatus
1247 1581 1373 1612 exsistat,
1390 1585 1419 1606 et
1436 1588 1530 1606 curam
1552 1580 1655 1606 habeat
1672 1579 1836 1612 animarum,
1854 1589 1870 1605 a
1888 1588 2055 1614 possessore

1114 1616 1284 1648 huiusmodi,
1303 1615 1381 1649 (dum
1399 1619 1493 1641 tamen
1514 1614 1633 1640 triennio
1653 1614 1771 1648 pacifice
1787 1618 1872 1640 antea
1889 1615 1924 1640 ab
1938 1623 1971 1640 eo
1990 1624 2054 1649 pos-

1115 1659 1224 1677 sessum
1240 1658 1297 1676 non
1314 1649 1417 1682 fuerit)
1435 1657 1485 1683 per
1502 1649 1556 1675 loci
1574 1649 1753 1681 ordinarium,
1766 1648 1842 1682 apud
1855 1649 1978 1682 aliquam
1991 1658 2054 1684 per-

1115 1694 1213 1711 sonam
1230 1685 1362 1710 idoneam
1380 1688 1582 1717 sequestretur,
1597 1691 1679 1717 quae,
1692 1683 1805 1717 plenam
1822 1683 1858 1709 de
1880 1683 1941 1717 ipso
1959 1688 1987 1709 et
2005 1684 2053 1710 de-

1114 1720 1203 1746 bitam
1221 1728 1316 1745 curam
1334 1727 1444 1752 gerens,
1462 1718 1500 1750 id,
1519 1717 1595 1752 quod
1613 1717 1648 1744 de
1666 1717 1802 1743 fructibus
1824 1717 1922 1751 ipsius,
1940 1717 2054 1750 (debitis

1115 1754 1243 1780 eiusdem
1268 1753 1441 1787 supportatis
1467 1753 1619 1785 oneribus,)
1642 1760 1792 1786 superesse
1817 1752 1991 1785 contigerit&
2016 1753 2054 1778 illi

1115 1789 1253 1821 restituat,
1272 1788 1319 1822 qui
1337 1787 1448 1813 finalem
1461 1787 1489 1812 in
1502 1795 1587 1812 causa
1603 1786 1749 1812 victoriam
1767 1786 1911 1812 obtinebit.
1949 1787 1977 1812 Si
1991 1787 2054 1821 quis

1115 1828 1210 1849 autem
1227 1823 1480 1856 sequestrationem
1494 1821 1654 1847 huiusmodi
1671 1821 1818 1854 impedire,
1830 1821 1875 1846 vel
1893 1821 1998 1847 fructus
2012 1830 2054 1848 se-

1117 1862 1275 1892 questratos
1295 1865 1409 1890 quoquo
1427 1855 1514 1882 modo
1532 1855 1752 1890 praesumpserit
1772 1863 1921 1889 occupare:
1944 1864 2055 1882 excom-

1116 1891 1312 1918 municationis
1337 1891 1458 1916 incurrat
1483 1890 1650 1916 sententiam
1675 1890 1736 1924 ipso
1758 1889 1846 1915 facto:
1871 1898 1889 1916 a
1911 1898 1974 1923 qua,
1993 1891 2056 1923 (nisi

1116 1927 1319 1961 impedimento
1337 1925 1414 1960 prius
1432 1929 1536 1957 amoto,
1554 1929 1582 1950 et
1600 1924 1743 1958 occupatis
1765 1933 1816 1958 per
1833 1932 1897 1950 eum
1918 1924 2054 1951 fructibus

1116 1961 1271 1994 restitutis)
1285 1961 1442 1986 nullatenus
1455 1959 1626 1985 absolvatur.
1662 1959 1698 1984 Et
1710 1959 1900 1991 nihilominus,
1913 1959 1935 1984 si
1949 1959 1985 1984 de
2001 1959 2054 1985 liti-

1116 1996 1247 2029 gantibus
1262 1995 1355 2027 fuerit,
1368 2003 1385 2020 a
1397 1995 1466 2026 iure,
1479 1994 1513 2027 (si
1531 1993 1609 2027 quod
1626 1994 1654 2018 in
1672 1993 1832 2019 huiusmodi
1849 1993 1997 2026 beneficio,
2010 1994 2055 2020 vel

1117 2030 1153 2056 ad
1170 2030 1264 2064 ipsum
1281 2029 1398 2055 forsitan
1415 2028 1595 2062 competebat
1613 2027 1728 2061 eidem,)
1745 2028 1800 2053 hoc
1818 2028 1879 2061 ipso
1898 2036 1929 2054 se
1946 2029 2055 2054 noverit

1117 2064 1264 2097 cecidisse,
1276 2063 1440 2098 praemissis
1459 2062 1564 2088 nedum
1583 2062 1656 2088 circa
1668 2061 1768 2094 futura,
1783 2062 1834 2088 sed
1853 2062 1954 2088 etiamss
1967 2063 2056 2088 circa4

1116 2107 1167 2133 per
1188 2098 1408 2133 appellationem
1432 2097 1586 2131 pendentia
1609 2096 1756 2130 negotia5*
1781 2096 1974 2128 observandis,
1999 2105 2055 2122 non

1116 2134 1256 2165 obstante,
1270 2133 1292 2158 si
1306 2136 1403 2158 contra
1415 2131 1572 2166 praefatam
1585 2130 1753 2157 sententiam
1771 2130 1806 2157 de
1819 2130 1948 2157 nullitate
1960 2131 2055 2158 forsan

1116 2171 1284 2202 opponatur.

1424 2236 1649 2266 TITULUS
1675 2237 1741 2265 VH.

1361 2296 1417 2322 DE
1446 2294 1807 2322 PROBATIONIBUS.

1515 2365 1588 2385 CAP.
1604 2365 1656 2385 UN.

1113 2400 1188 2421 Verba
1197 2400 1313 2419 literarum
1323 2400 1503 2425 apostolicarum,
1514 2401 1594 2424 quibus
1603 2400 1665 2424 Papa
1678 2400 1793 2424 proprium
1803 2399 1886 2419 factum
1896 2402 1979 2423 narrat,
1990 2400 2056 2424 pleno

1139 2426 1242 2450 probant,
1254 2427 1273 2445 si
1283 2432 1350 2450 super
1359 2426 1404 2445 illis
1414 2427 1486 2451 gratia
1495 2427 1530 2446 vel
1541 2426 1637 2445 intentio
1647 2426 1721 2450 Papae
1732 2426 1844 2445 fundatur.
1871 2426 1949 2444 Ioann.
1959 2426 2030 2445 Andr.

1252 2477 1408 2503 Clemens
1427 2477 1462 2503 V.
1481 2477 1513 2502 in
1532 2476 1681 2502 concilio
1700 2476 1917 2502 Viennensil.

1182 2519 1282 2546 Literis
1311 2520 1428 2553 nostris,
1459 2519 1560 2554 quibus
1585 2528 1635 2545 nos
1661 2519 1814 2552 dignitates
1839 2519 1978 2553 quaslibet
2003 2527 2054 2546 seu

1115 2554 1253 2581 beneficia
1264 2554 1405 2580 collationi
1418 2559 1532 2580 nostrae
1545 2554 1589 2580 vel
1603 2553 1681 2580 sedi'2
1694 2553 1867 2587 apostolicae
1880 2562 2052 2586 reservasse,

1114 2593 1162 2615 aut
1186 2589 1406 2623 resignationem
1434 2588 1564 2615 beneficii
1589 2588 1704 2613 alicuius
1734 2588 1891 2621 recepisse,
1920 2588 1982 2614 vel³
2011 2597 2052 2615 re-

1115 2623 1236 2658 cipiendi
1255 2628 1426 2657 potestatem
1443 2624 1506 2649 alii4
1524 2623 1707 2655 commisisse,
1725 2622 1770 2648 vel
1783 2622 1923 2656 aliquem-³
1940 2631 2052 2649 excom-

1115 2658 1274 2684 municasse
1306 2666 1357 2684 seu
1391 2657 1589 2692 suspendisse,
1623 2657 1691 2682 seu6
1723 2656 1848 2690 aliquem
1877 2657 2053 2690 capellanum

1114 2696 1241 2718 nostrum
1253 2692 1298 2718 vel
1310 2692 1476 2718 familiarem
1489 2692 1586 2724 fuisse,
1605 2691 1650 2717 vel
1663 2691 1715 2716 alia
1729 2691 1838 2723 similia,
1851 2699 1937 2725 super
1951 2692 2052 2725 quibus

1114 2727 1204 2760 gratia
1220 2727 1265 2753 vel
1283 2727 1399 2753 intentio
1417 2731 1513 2752 nostra
1531 2726 1672 2758 fundatur,
1696 2725 1798 2751 fecisse
1816 2733 1969 2757 narramus,
1988 2734 2051 2752 cen-

1115 2770 1209 2788 semus
1239 2770 1324 2796 super
1353 2762 1391 2787 sic
1416 2761 1534 2787 narratis
1559 2760 1644 2786 fidem
1668 2759 1823 2798 plenariam
1847 2760 2048 2793 adhibendam,

1114 2796 1241 2822 volentes
1263 2796 1300 2822 ad
1321 2796 1473 2830 praeterita
1495 2800 1523 2821 et
1544 2794 1706 2833 pendentia,
1729 2794 1831 2820 etiam?
1853 2802 1904 2828 per
1926 2795 2050 2829 appella-

1116 2830 1232 2864 tionem,
1245 2831 1360 2865 negotia
1373 2831 1428 2857 hoc
1441 2829 1562 2856 extendi.

1165 2961 1218 2981 Tit.
1233 2961 1271 2982 VI.
1290 2960 1351 2985 Cap.
1367 2966 1404 2979 un.
1433 2960 1452 2984 1)
1463 2959 1567 2980 Clemens
1578 2960 1616 2980 V.:
1626 2958 1718 2980 CDE'FG:
1728 2958 1791 2978 add.:
1801 2959 1824 2978 in
1835 2959 1903 2979 Cone.
1914 2959 1992 2980 Ἥρωι
2001 2959 2057 2980 ODII

1113 2986 1135 3009 2)
1145 2988 1266 3011 contingit:
1280 2986 1314 3006 BC
1372 2986 1392 3009 3)
1403 2987 1436 3005 ot:
1451 2984 1569 3005 ABCDEFG
1630 2986 1651 3009 4)
1662 2985 1725 3004 add.:
1740 2986 1820 3005 etiam:
1833 2984 1899 3005 ACFG
1959 2985 1979 3011 5)
1990 2991 2053 3011 neg-2

1113 3012 1183 3058 ‘hesel—³
1189 3012 1370 3061 igodgifiollba¹''
1384 3043 1422 3056 un.
1451 3037 1470 3059 l)
1481 3037 1505 3056 in
1515 3037 1539 3057 C.
1550 3037 1643 3057 Vienn.:
1657 3036 1725 3056 dcrst:
1739 3036 1808 3056 DEFG
1832 3036 1853 3061 2)
1863 3037 1934 3056 sedis:
1949 3037 2055 3058 BCEFGH

1113 3064 1134 3088 3)
1144 3070 1194 3084 seu:
1209 3064 1319 3084 ACDEFG:
1333 3065 1381 3083 aut:
1396 3063 1414 3082 B
1449 3062 1469 3086 Δί)
1478 3063 1558 3082 alicui:
1572 3062 1641 3082 Alxch'
1673 3062 1767 3085 5)c1‹1d..·
1781 3069 1833 3082 nos:
1847 3062 1948 3082 AODEFG
1981 3064 2001 3089 6)
2012 3069 2052 3086 fleu

1114 3104 1119 3109 .
1130 3104 1136 3110 .
1146 3104 1152 3110 .
1162 3091 1241 3111 fnisse:
1255 3090 1322 3109 deest:
1337 3088 1462 3108 ‚lBDEFGH
1513 3089 1533 3113 7)
1544 3091 1585 3109 et.:
1599 3088 1667 3109 (Ite-st:
1681 3088 1724 3112 c1);
1738 3089 1838 3109 etiamsi:
1852 3088 1871 3108 E
