2243 3288
130 252 198 280 1005

132 328 425 357 excommunicationis
439 329 576 363 exceptio,
590 330 618 355 in
632 338 799 364 quacunque
812 334 891 364 parte
905 330 1071 356 iudiciorum

132 364 271 399 opposita,
284 363 346 389 lites
361 363 480 397 differat,
497 369 526 390 et
539 365 657 398 repellat
674 370 802 398 agentes,
819 368 849 390 ut
866 372 901 390 ex
913 364 967 390 hoc
979 365 1069 397 magis

131 406 248 425 censura
268 397 460 424 ecclesiastica
484 399 628 437 timeatur,
654 399 892 425 ςοιιιιιιιιιιὶοιιίεΙ*
916 399 1070 432 periculum

131 433 257 465 evitetur,
271 433 464 458 contumaciae
476 433 574 459 vitium
588 434 764 467 reprimatur,
782 437 810 459 et
828 433 1069 465 excommunicati,

131 467 197 492 dum
213 475 231 492 a
247 467 442 493 communibus
461 467 570 493 actibus
588 468 781 499 excluduntur,
798 467 901 493 rubore
919 467 1016 493 suffusi
1034 468 1070 494 ad

129 501 292 527 humilitatis
310 502 430 535 gratiam
447 507 475 527 et
492 502 727 528 reconciliationis
749 502 882 528 affectum
904 501 1013 528 facilius
1031 503 1069 528 in-

129 535 275 561 clinentur.
312 536 369 562 Sed
390 536 535 562 hominum
557 537 769 563 succrescente2
788 536 894 562 malitia
912 537 993 575 quod*
1006 545 1069 576 pro-

127 569 219 595 visum
241 574 285 596 est
307 570 343 596 ad
364 571 521 596 remedium
543 571 634 597 tendit
655 571 691 597 ad
709 579 820 597 noxam.
856 571 932 596 Dum
951 571 1024 597 enim
1042 572 1069 597 in

129 604 219 630 causis
234 605 434 631 ecclesiasticis
453 605 627 639 frequentius
645 606 716 631 haec
729 605 857 639 exceptio
871 614 922 639 per
934 606 1069 632 malitiam

128 647 144 664 ο
147 639 306 673 pponitur3‚
324 640 461 673 contingit
479 639 638 666 interdumb
657 640 761 665 differri
779 640 903 673 negotia,
925 645 953 666 et
974 646 1069 674 partes

127 673 238 712 fatigari
256 674 402 700 laboribus
419 678 449 700 et
466 675 607 713 expensis.
643 674 789 706 Proinde4‚
809 675 874 708 quia
886 660 1002 700 morbus
1016 675 1069 701 iste

127 707 208 741 quasi
226 708 381 734 communis
399 708 522 743 irrepsit,
540 709 672 742 dignum
674 709 802 734 duximus
825 717 1003 735 communem
1021 709 1069 735 ad-

126 742 225 768 hibere
248 743 400 769 medelam.
436 743 465 769 Si
488 744 550 777 quis
574 743 657 777 igitur
678 743 997 769 excommunicationem
1019 753 1069 778 op-

126 776 232 815 ponit5,
242 778 368 811 speciem
379 777 450 803 illius
458 783 469 795 0
480 782 508 804 et
518 786 622 804 nomen
633 778 913 804 excommunicatoris
924 779 1069 817 exprimat,

127 811 246 838 sciturus
260 820 324 838 eam
340 820 400 838 rem
418 821 449 838 se
463 812 574 838 deferre
592 812 716 838 debere
711 821 738 838 1n
755 813 897 846 publicam
914 813 1068 846 notionem,

127 854 213 885 quam
233 846 305 872 infra
327 851 390 872 octo
413 847 523 872 dierum
540 846 671 880 spatium,
690 847 756 880 (die,
774 847 801 872 in
819 855 875 886 quo
914 848 1068 886 roponitur,

123 881 239 907 minime
252 882 436 915 computato,)
448 881 569 915 probare
579 882 671 907 valeat
684 881 867 915 apertissimis
902 882 1068 908 ocumentis.

126 915 209 948 Quod
219 915 243 941 si
254 924 309 941 non
320 916 490 949 probaverit,
497 915 595 942 iudex'
589 924 618 941 in
628 924 711 941 causa
720 916 876 950 procedere
886 925 942 942 non
949 917 1068 949 omittat,

125 957 204 975 reum
222 950 250 975 in
268 950 408 984 expensis,
427 958 496 984 quas
514 954 592 976 actor
609 950 646 976 ob
664 951 718 976 hoc
737 951 837 976 diebus
856 951 908 976 illis
922 959 953 977 se
967 951 1068 977 fecisse

126 984 262 1018 docuerit,
280 985 447 1023 praehabita
464 984 605 1011 taxatione
623 985 823 1011 condemnans.
860 985 888 1011 Si
905 994 972 1011 vero
991 990 1067 1019 post-

125 1019 251 1052 modum,
268 1019 402 1045 instantia
415 1019 533 1045 durante
551 1019 645 1045 iudicii
659 1024 686 1045 et
700 1019 895 1053 probationisd
910 1020 992 1054 copia
1005 1028 1066 1046 suc-

126 1053 254 1086 cedente,
277 1054 312 1080 de
332 1054 433 1079 eadem
455 1054 745 1080 excommunicatione
768 1054 813 1080 vel
838 1054 892 1080 alia
913 1055 1068 1088 excipiatur

125 1087 226 1114 iterum
240 1092 268 1114 et
280 1088 426 1122 probetur:
446 1093 524 1114 actor
541 1089 570 1114 in
588 1089 773 1122 sequentibus
784 1089 958 1127 excludatur,
977 1089 1067 1114 donec

124 1123 258 1148 meruerit
279 1123 464 1149 absolutionis
486 1123 606 1156 gratiam
624 1123 760 1155 obtinere,
782 1123 824 1155 iis,
848 1131 920 1157 quae
939 1132 1067 1158 praeces—

125 1161 230 1189 serunt,
241 1157 454 1183 nihilominuse
449 1166 476 1183 in
487 1166 537 1183 suo
549 1158 650 1183 robore
661 1157 814 1188 duraturis;
826 1158 1067 1191 prowso,quodss*

124 1192 196 1217 ultra
209 1192 278 1218 duas
291 1192 367 1218 vices
380 1192 450 1218 haec
463 1200 520 1218 non
530 1191 705 1226 opponaturs
716 1192 854 1226 exceptio,
867 1197 1067 1226 praeterquam

125 1226 148 1251 si
161 1227 413 1252 excommunicatio
431 1235 504 1252 nova
522 1227 677 1259 emerserit,
696 1227 742 1252 vel
759 1226 875 1252 evidens
895 1232 923 1252 et
936 1231 1067 1260 prompta

125 1261 255 1294 probatio
275 1261 469 1295 supervenerit
487 1261 523 1286 de
541 1261 664 1295 antiqua.
701 1261 757 1287 Sed
777 1261 799 1286 si
813 1266 878 1294 post
892 1269 950 1287 rem
964 1261 1066 1286 iudica-

125 1299 182 1321 tam
196 1296 258 1321 talis
271 1296 400 1329 exceptio
419 1300 601 1329 proponatur,
619 1296 829 1321 exsecutionem
848 1295 996 1329 impediet;
1015 1295 1066 1321 sed

123 1330 273 1362 sententia,
296 1338 369 1364 quae
392 1330 556 1364 praecessit,
578 1338 634 1355 non
655 1330 747 1355 minus
769 1330 854 1355 robur
872 1330 1000 1356 debitum
1017 1330 1066 1356 ob-

124 1364 233 1396 tinebit,
255 1373 290 1390 eo
312 1370 408 1390 tamen
431 1364 516 1396 salve,
539 1369 581 1396 ut,
605 1365 626 1390 si
650 1370 727 1390 actor
750 1365 1005 1390 excommunicatus
1031 1364 1067 1390 sit

125 1399 247 1433 publice,
267 1404 295 1425 et
313 1400 366 1425 hoc
384 1399 467 1425 iudex
484 1399 601 1431 noverit,
620 1399 857 1432 quandocunque,
875 1399 945 1424 etsi⁷
963 1399 999 1425 de
1012 1399 1067 1424 hoc

124 1441 188 1459 reus
206 1442 262 1459 non
280 1434 410 1467 excipiat,
428 1433 512 1459 iudex
529 1439 583 1459 exg
601 1433 694 1459 officio
712 1442 764 1459 suo
782 1438 908 1459 actorem
929 1434 1066 1468 repellere

124 1476 180 1494 non
193 1472 357 1502 postponat.

539 1520 613 1540 CAP.
627 1521 656 1539 11.

122 1555 232 1580 Exceptio
252 1556 285 1575 rei
303 1555 415 1574 iudicatae
434 1560 474 1579 per
488 1555 665 1574 ecclesiasticum
684 1555 781 1574 iudicem
796 1555 884 1574 admitti
900 1555 966 1574 debet
980 1555 1003 1574 in
1018 1555 1066 1574 foro

351 1581 468 1605 saeculari,
481 1582 503 1600 et
513 1586 524 1600 e
536 1586 651 1600 converso.
679 1581 758 1600 Ioann.
768 1581 839 1600 Andr.

441 1631 642 1657 Bonifacius
660 1632 751 1658 VIII³.

194 1676 286 1709 Quum
304 1674 420 1709 quidam
438 1675 596 1700 saeculares
614 1674 730 1707 iudices,
754 1675 821 1701 dum
843 1683 937 1700 coram
958 1674 999 1700 eis
1021 1683 1065 1700 ex-

124 1703 225 1744 cipitur
242 1710 278 1736 de
295 1718 325 1736 re
342 1718 393 1744 per
411 1709 630 1735 ecclesiasticum
648 1709 769 1735 iudicem
792 1710 922 1741 iudicata,
944 1709 971 1734 in
990 1717 1065 1741 casu,

124 1745 214 1778 quol*
227 1745 265 1771 ad
277 1753 342 1770 eum
355 1745 478 1778 pertinet
491 1743 613 1778 cognitio
625 1744 660 1770 de
674 1744 877 1770 consuetudine
890 1744 934 1770 vel
948 1743 1002 1769 de
996 1752 1066 1777 iure,

191 1849 248 1872 Tit.
267 1849 329 1872 XII.

122 1882 148 1915 d)
162 1884 295 1915 probandi:
309 1882 327 1907 I

121 1918 147 1950 g)
162 1926 201 1942 ex:
215 1917 295 1942 deest.-
310 1915 344 1948 If.

191 1953 261 1984 Cap.
284 1953 318 1976 ΙΙ.
363 1951 387 1984 a)
412 1953 493 1976 Prima
514 1961 570 1984 pars
592 1952 635 1976 suit
658 1957 738 1977 sumta
759 1962 788 1977 ex
810 1954 900 1978 decret.
922 1954 994 1977 Alex.
1017 1953 1062 1977 IV.

123 1987 201 2018 Quia
219 1987 371 2011 nonnulli:
385 1986 478 2011 Ioann.
492 1986 575 2011 Andr.
589 2001 622 2004 —
635 1986 669 2018 cf.
683 1995 764 2019 supra
777 1988 812 2012 ad
824 1996 844 2012 c.
860 1995 882 2012 2.
900 1989 933 2020 (2,
951 1988 988 2019 2.)

191 2022 251 2046 Tit.
269 2022 347 2045 XIII.
388 2022 458 2053 Cap.
477 2022 496 2045 Ι.
536 2020 560 2053 a)
575 2022 665 2046 Tracta
678 2022 721 2046 fuit
739 2023 799 2046 haec
817 2023 946 2047 decretalis
963 2023 993 2046 de
1007 2031 1065 2054 qua-

122 2057 179 2080 dam
193 2061 284 2080 extrav.
302 2057 415 2087 Gregorii
428 2064 490 2087 quae
508 2056 640 2088 incipiebat
654 2057 886 2081 Venerabilium
903 2058 934 2081 de
947 2065 995 2089 qua
1008 2057 1065 2080 facit

122 2092 273 2115 mentionem
288 2091 426 2114 Bernardus
439 2099 457 2114 s.
474 2091 505 2114 de
522 2099 627 2122 praescr.
648 2092 667 2115 si
682 2092 794 2122 diligenti
807 2092 832 2115 in
849 2093 892 2116 ult.
909 2092 941 2123 gl.
964 2092 988 2115 in
1006 2092 1061 2121 fine,

121 2126 152 2149 ad
170 2127 238 2149 cuius
255 2126 447 2149 declarationem
464 2126 538 2149 etiam
555 2127 685 2155 emanavit,
707 2130 729 2149 et
748 2135 832 2150 eorum
848 2135 911 2158 quae
929 2127 962 2149 ibi
979 2130 1065 2150 notant

122 2161 245 2184 moderni:
264 2160 358 2184 Ioamz.
373 2159 516 2189 .-Ins11·.‚·—
530 2163 612 2183 exsta!
629 2160 654 2183 in
670 2160 777 2192 Compil.
792 2160 883 2185 Innoc.
899 2161 944 2184 IV.
966 2163 988 2184 et
1003 2159 1064 2184 Cori.

121 2194 169 2225 L.,·
197 2194 294 2219 directa
323 2193 384 2225 fuit:
417 2195 571 2218 Cancellario
598 2195 726 2218 Parisiensi
751 2200 774 2218 et
800 2196 902 2226 collegis
929 2196 990 2219 suis:
1018 2194 1066 2224 Id,-

121 2230 307 2253 venerabilium
322 2229 336 2253 f.
350 2238 372 2253 n.
390 2229 595 2260 Rothomagensis
608 2229 785 2261 archiepiscopi
799 2234 821 2253 et
834 2229 942 2253 Lexon.1
955 2230 1064 2261 episcopi

121 2265 320 2296 procuratoribus
334 2264 357 2287 in
370 2268 454 2288 nostra
467 2264 604 2295 praesentia
617 2264 754 2287 constitutis
767 2264 870 2295 praefati
888 2264 1065 2295 archiepiscopi

120 2304 264 2330 procurator
276 2299 388 2322 libellum
401 2299 489 2322 obtulit
508 2299 532 2321 in
549 2298 613 2322 hunc
630 2299 738 2322 modum.
780 2299 843 2322 Petit
859 2299 1066 2329 Rothomagensis

121 2334 319 2365 archiepiscopus
335 2337 370 2362 ut,
391 2341 467 2364 quum
485 2333 586 2356 ecclesia
604 2333 629 2356 S.
647 2333 753 2356 Candidi
768 2333 976 2364 Rothomagensis
992 2341 1066 2364 supra

122 2367 261 2392 Seeanato2
273 2372 297 2392 et
310 2368 427 2399 parochia
440 2368 549 2391 eiusdem
563 2367 680 2391 ecclesiae
697 2368 720 2391 in
735 2368 838 2391 ccclesia
850 2368 881 2391 de
894 2368 960 2396 villa,
977 2372 999 2391 et
1014 2372 1065 2391 tota

120 2403 238 2434 parochia
258 2411 300 2426 seu
322 2402 453 2434 parochiae
479 2402 588 2425 eiusdem
610 2402 683 2425 villae
708 2406 731 2425 et
754 2402 856 2426 ecclesia
877 2410 918 2426 seu
945 2402 1066 2433 prioratus

121 2438 147 2461 S.
170 2437 267 2461 Nicolai
285 2438 310 2460 in
328 2437 417 2460 foresta
434 2437 465 2460 de
487 2437 575 2460 Londa
591 2435 631 2460 et3
652 2437 749 2460 decima
770 2437 880 2460 eiusdem
902 2437 1012 2465 forestae,
1037 2444 1065 2460 ac

121 2472 217 2495 decima
234 2472 351 2495 ecclesiae
368 2472 399 2495 de
418 2470 560 2495 Belimaco4
576 2471 634 2494 villa
651 2479 679 2494 ac
696 2472 812 2502 parochia
829 2471 939 2494 eiusdem
956 2471 1003 2494 loci
1020 2479 1065 2494 nec

120 2514 170 2530 non
183 2511 206 2530 et
220 2507 345 2538 praedicta
359 2506 448 2529 foresta
460 2506 491 2529 de
506 2504 609 2529 Londa³3
626 2511 648 2529 et
664 2504 847 2529 Assancameass
860 2505 921 2529 infra
934 2505 995 2529 fines
1007 2513 1065 2529 suae

120 2541 239 2565 dioecesis
256 2542 303 2565 sint
321 2541 374 2570 sita,
396 2546 419 2564 et
437 2541 461 2563 in
479 2540 587 2564 eiusdem
605 2540 766 2571 dispositione
783 2548 811 2564 ac
827 2544 949 2571 potestate
965 2541 996 2563 de
1013 2540 1064 2563 iure

121 2576 254 2599 consistant
265 2574 274 2592 7
308 2584 336 2599 ac
369 2576 499 2607 episcopus
529 2575 620 2598 Lexon.
657 2575 681 2598 in
710 2575 803 2598 eisdem
831 2575 982 2598 decimarum
1011 2582 1064 2605 per-

120 2611 282 2642 ceptione[1n]
295 2615 318 2634 et
331 2611 380 2634 alia
396 2610 448 2633 iura
464 2609 614 2641 episcopalia
629 2609 660 2632 de
677 2609 748 2638 facto,
769 2609 881 2640 quamvis
898 2610 929 2632 <le
947 2609 998 2633 iure
1014 2617 1064 2632 non

119 2645 204 2676 possit,
225 2650 332 2677 usurpet,
349 2651 469 2676 quatenus
482 2644 561 2667 eidem
575 2644 760 2675 archiepiscopo
776 2648 799 2667 et
817 2644 868 2667 eins
885 2644 1064 2667 successon'bus

119 2679 144 2703 in
157 2680 289 2711 praedictis
302 2688 400 2703 onmem
411 2679 597 2710 dispositionem
610 2684 633 2702 et
644 2679 831 2707 ordinationem,
849 2679 1026 2702 institutionem
1040 2682 1062 2701 et

120 2714 304 2738 destitutionem
317 2719 341 2738 et
354 2722 395 2737 eas
413 2714 466 2745 lege
483 2714 529 2737 sibi
542 2713 688 2736 dioecesana
705 2713 826 2736 subiectas
843 2713 962 2742 iudicetis,
983 2718 1006 2737 et
1020 2721 1064 2744 per

120 2750 266 2773 sententiam
279 2749 414 2778 declaretis,
435 2753 459 2772 et
472 2748 634 2780 pronuntietis
651 2748 682 2771 ad
699 2747 793 2771 dictum
810 2748 954 2779 episcopum
971 2751 994 2771 et
1012 2747 1063 2771 eius

370 1848 440 1880 Cap.
458 1849 478 1872 I.
517 1847 544 1880 b)
557 1848 600 1872 int.
611 1858 616 1872 :
629 1848 708 1887 deest:
722 1847 805 1874 Iahcrl
884 1848 907 1881 c)
921 1849 1008 1881 ipsius:
1022 1847 1068 1872 led

427 1882 450 1915 e)
464 1883 547 1907 nihil.:
562 1883 640 1907 deest:
653 1883 682 1914 If
786 1883 807 1915 s)
822 1889 984 1916 proponatur:
1001 1882 1068 1908 Iabsl

171 2843 192 2867 1)
202 2844 328 2868 Legonen.·
342 2843 358 2863 L
410 2842 430 2867 2)
441 2843 556 2862 Secanna:
572 2841 790 2864 111:80:L·decst.-
804 2841 827 2860 Ic

121 2874 207 2889 tamea.
222 2869 249 2893 ις
262 2869 409 2889 Asai-natica.
423 2868 460 2891 11›.-
474 2869 630 2887 Assarnatico:
646 2866 672 2886 Ιιί
732 2868 752 2891 7)
763 2868 868 2887 exsistat:
881 2867 905 2887 lc

121 2895 190 2915 callo:
204 2895 229 2914 lb
282 2895 315 2920 12)
325 2883 502 2920 aliquantulum.
516 2894 531 2913 I
584 2894 616 2919 13)
627 2894 735 2918 partium:
750 2893 780 2912 Ic.

172 2999 224 3018 Tit.
239 2999 288 3018 XII.
317 2999 333 3019 C
341 3004 378 3022 ap.
394 2999 411 3018 I.
440 2998 460 3021 1)
471 2998 534 3017 adds
545 2999 577 3017 et:
587 2996 724 3021 ABCDFGIJ:
738 2999 762 3017 ut
772 2997 1023 3017 excommunicationis:
1034 2996 1062 3019 A,-

121 3026 325 3045 excommunionis:
341 3025 364 3049 Is
423 3025 444 3047 2)
455 3026 581 3044 crescente:
597 3023 635 3043 Gla
695 3024 716 3047 3)
726 3024 869 3047 proponitur:
884 3024 908 3044 C:
927 3025 1062 3047 opponatur:

121 3048 198 3074 Iabcds
254 3052 275 3076 4)
286 3051 394 3070 Provide:
408 3050 442 3070 BC
505 3050 526 3075 5)
537 3052 645 3074 opponat:
660 3049 758 3072 BCIabd:
772 3051 892 3074 proponat:
907 3048 930 3068 Ιι·
995 3050 1015 3073 ti)
1027 3051 1061 3068 ut:

121 3075 237 3096 malaheel
289 3077 309 3101 7)
321 3077 422 3097 etiamsi.-
437 3076 505 3096 lffllh.

173 3101 233 3127 Cap.
248 3103 276 3122 11.
304 3102 324 3127 1)
335 3103 359 3122 in
369 3108 424 3127 quo:
440 3102 502 3122 Cocld.
513 3101 560 3121 coll.

431 252 539 278 SEXTI
558 251 768 279 DECRETAL.
786 252 853 278 LIB.
872 252 905 278 ΙΙ.
924 252 994 278 TIT.
1013 253 1072 278 XII.
1091 253 1162 279 XIII.
1181 253 1232 279 DE
1250 253 1598 280 PRAESCRIPTIONES.
1617 262 1642 280 c·
1665 262 1686 280 1.
1706 261 1730 279 2.

878 2840 898 2865 3)
909 2842 942 2861 etz
956 2841 1025 2861 deest:
1039 2840 1078 2861 Ibrl

965 2868 986 2892 8)
996 2873 1054 2892 argu:
1069 2867 1137 2888 deest:
1151 2866 1189 2888 ch

1975 252 2042 277 1006

1106 336 1235 357 recusent
1256 331 1427 365 excipientes
1450 331 1570 357 audire'
1564 340 1591 357 m
1614 330 1827 364 derogationem
1843 329 2041 356 iurisdictionis

1106 366 1313 392 ecclesiasticae
1327 371 1354 392 et
1368 371 1574 399 contemptum:
1593 366 1778 398 decernimus,
1792 370 1821 391 ut
1834 373 1884 399 per
1897 373 2044 390 censuram

1107 400 1327 426 ecclesiasticam
1345 401 1380 426 ab
1398 400 1545 434 iniquitate
1567 404 1748 426 coerceantur
1769 399 1939 431 huiusmodi,
1961 403 1989 425 et
2006 398 2043 424 ad

1107 434 1312 460 admittendum
1325 435 1519 468 exceptionem
1537 435 1667 467 eandem,
1686 434 1732 460 ubi
1750 434 1818 460 alias
1832 434 1867 460 de
1885 434 1944 460 iure
1958 433 2044 459 debet

1106 469 1225 501 admitti,
1238 478 1254 495 a
1268 470 1392 495 locorum
1406 469 1552 495 ordinariis
1567 469 1780 503 compellantur.
1811 469 1944 495 Similiter
1956 468 2044 494 eccle-

1106 504 1209 529 siastici
1228 504 1344 536 iudices,
1362 504 1385 529 si
1403 512 1498 529 coram
1511 504 1578 537 ipsis
1593 504 1746 537 excipiatur
1759 504 1794 529 de
1808 511 1837 529 re
1851 511 1901 537 per
1919 502 2043 528 saecula-

1106 546 1165 563 rem
1182 538 1302 564 iudicem
1321 538 1452 570 iudicata,
1471 538 1665 572 exceptionem
1684 538 1774 572 ipsam
1791 537 1940 563 admittant
1958 537 1986 562 in
2000 536 2043 568 iis,

1107 581 1178 606 quae
1200 573 1354 598 animarum
1376 573 1531 607 periculum
1555 581 1611 598 non
1637 572 1784 604 inducunt,
1808 580 1859 606 per
1883 571 2044 605 superiores

1105 615 1181 639 suos,
1194 607 1246 633 nisi
1260 607 1386 639 fecerint,
1399 607 1530 633 animadx
1533 607 1643 633 ersione
1657 607 1753 633 debita
1765 606 1931 640 castigandi.

1408 695 1632 724 TITULUS
1658 695 1736 724 XIII.

1308 754 1364 779 DE
1383 737 1834 780 PRAESCRIP'TIONIBUS.

1522 831 1595 851 CAP.
1609 832 1627 850 1.

1104 866 1137 884 De
1152 865 1365 889 praescriptionibus
1380 865 1462 884 sufficit.
1476 866 1535 884 bona
1550 865 1611 888 fides,
1627 865 1666 884 ubi
1676 866 1709 884 ius
1720 871 1839 884 commune
1848 865 1884 884 vel
1894 865 2044 889 praesumptio

1104 897 1149 910 nou
1160 893 1193 910 est
1208 894 1286 910 contra
1301 892 1503 915 praescribentem3
1518 892 1574 910 alias
1584 892 1651 910 debet
1661 892 1753 915 allegari
1767 892 1845 910 titulus
1855 893 1877 910 et
1887 891 1984 915 probari,
2000 891 2045 910 nisi

1122 917 1150 936 sit
1160 917 1314 941 praescriptio,
1326 918 1388 937 cuius
1399 918 1506 936 contrarii
1517 923 1563 936 non
1573 919 1645 937 exstat
1655 917 1770 936 memoria.
1798 918 1826 936 H.
1836 917 1858 936 d.
1867 917 1946 936 Ioanu.
1956 917 2026 936 Andr.

1420 967 1618 993 Bonifacius
1638 968 1727 993 V1112.

1172 1011 1355 1044 Episcopum,
1369 1010 1417 1044 qui
1430 1010 1562 1036 ecclesias
1575 1015 1602 1036 et
1613 1010 1747 1042 decimas,
1759 1018 1828 1044 quas
1839 1010 1874 1036 ab
1885 1018 1919 1036 eo
1930 1010 2043 1044 repetis,

1104 1045 1245 1084 proponit,
1265 1045 1357 1078 (licet
1352 1054 1379 1070 m
1393 1050 1440 1070 tua
1454 1045 1509 1070 sint
1522 1045 1692 1071 constitutae
1706 1045 1850 1078 dioecesi,)
1870 1053 1900 1071 se
1918 1045 2044 1078 legitime

1104 1079 1330 1118 praescripsisse,
1343 1080 1466 1113 allegare
1480 1084 1601 1113 oportet,
1620 1079 1736 1113 (quum
1731 1087 1773 1104 ms
1787 1088 1934 1105 commune
1948 1084 2044 1105 contra

1104 1123 1196 1147 ipsum
1210 1114 1313 1146 faciat,)
1328 1114 1489 1139 huiusmodi
1507 1114 1735 1148 praescriptionis
1750 1114 1859 1139 titulum
1872 1119 1899 1139 et
1913 1114 2042 1147 probare.

1103 1149 1175 1174 Nam
1188 1149 1268 1174 licetl
1282 1148 1317 1180 ei,
1331 1148 1378 1187 qui
1392 1157 1451 1174 rem
1461 1148 1627 1182 praescribit
1641 1148 1871 1180 ecclesiasticam,
1885 1148 1907 1174 si
1922 1148 1974 1173 sibi
1988 1157 2044 1174 non

1104 1188 1147 1208 est
1165 1182 1336 1208 contrarium
1353 1182 1394 1208 ius
1414 1191 1571 1214 commune⁷
1590 1183 1635 1208 vel
1653 1188 1750 1208 contra
1769 1191 1834 1208 eum
1852 1183 2044 1221 praesumptio

1103 1226 1159 1242 non
1181 1217 1345 1249 habeatur2,
1367 1217 1488 1242 sufficiat
1510 1203 1584 1242 b0n⁷a
1607 1217 1691 1248 fides;
1715 1217 1761 1243 ubi
1784 1222 1878 1242 tamen
1897 1222 1939 1242 est
1957 1226 1982 1243 ei
2002 1217 2043 1242 ius

1103 1260 1251 1277 commune
1262 1251 1441 1281 contrarium,
1448 1251 1493 1277 vel
1502 1251 1622 1277 habetur
1632 1252 1823 1285 praesumptio
1835 1256 1931 1277 contra
1941 1252 2043 1285 ipsum:

1102 1286 1177 1312 bona
1201 1285 1273 1312 fides
1298 1294 1354 1311 non
1378 1286 1495 1318 sufficit,
1520 1285 1571 1312 sed
1596 1291 1639 1311 est
1663 1286 1838 1312 necessarius
1864 1286 1973 1318 titulus,
1995 1286 2042 1319 qui

1102 1320 1260 1354 possessori
1286 1328 1399 1346 causam
1425 1320 1529 1345 tribuat
1551 1321 1775 1354 praescribendi;
1801 1320 1854 1346 nisi
1879 1320 1948 1346 tanti
1974 1325 2043 1346 tem-

1102 1355 1178 1393 por-is
1201 1355 1339 1388 allegetur
1361 1355 1556 1389 praescriptio,
1578 1355 1656 1381 cuius
1679 1355 1808 1381 contrarii
1830 1355 1967 1381 memoria
1988 1363 2044 1380 non

1102 1394 1226 1415 ex51stat.

1519 1442 1535 1461 C
1542 1442 1592 1461 ΑΡ.
1606 1442 1635 1461 ΙΙ.

1101 1476 1205 1495 Privatus
1219 1476 1266 1499 ipso
1282 1476 1330 1495 iure
1340 1476 1377 1495 vel
1390 1482 1429 1500 per
1438 1477 1573 1496 sententiam
1589 1477 1660 1499 bonis,
1676 1482 1733 1500 quae
1742 1477 1804 1496 tenet
1814 1482 1827 1495 a
1836 1477 1939 1496 Romana
1948 1476 1984 1495 vel
1995 1476 2045 1495 aliis

1102 1502 1212 1526 ecclesiis,
1228 1502 1267 1521 illa
1282 1503 1364 1521 minori
1379 1503 1450 1526 spatio
1466 1504 1555 1521 centum
1571 1508 1681 1521 annorum
1697 1504 1775 1521 contra
1790 1503 1922 1525 Romanam.
1942 1502 1978 1521 vel
1992 1508 2045 1526 qua·

1102 1529 1205 1552 draginta
1223 1530 1301 1547 eontra
1319 1529 1375 1547 alias
1394 1534 1440 1547 non
1459 1528 1600 1552 praeseribit.
1636 1528 1690 1547 Filii
1709 1531 1783 1547 autem
1807 1529 1982 1551 haereticorum,
2008 1528 2046 1551 qui

1101 1554 1207 1573 catholici
1216 1554 1359 1578 putabantur,
1371 1555 1430 1573 bona
1439 1556 1533 1578 paterna
1543 1556 1622 1573 contra
1632 1555 1757 1573 Romanam
1768 1556 1789 1573 et
1798 1555 1854 1574 alias
1865 1554 1971 1573 eeclesias
1982 1559 2044 1578 prae-

1114 1580 1215 1599 scribunt
1225 1580 1297 1604 spatio
1307 1580 1455 1604 quadraginta
1465 1586 1582 1603 annorum,
1594 1583 1616 1600 et
1626 1580 1686 1599 idem
1697 1581 1720 1599 iu
1731 1581 1852 1599 extraneis.
1879 1580 1951 1599 Ioaun
1961 1580 2032 1599 Andr.

1526 1630 1625 1657 Idem.

1171 1673 1199 1699 Si
1214 1674 1270 1707 qui,
1284 1674 1462 1708 exigentibus
1473 1674 1561 1707 culpis
1572 1674 1617 1700 vel
1628 1673 1790 1699 excessibus
1803 1673 1838 1699 ab
1849 1673 1958 1699 eisdem
1969 1681 2043 1699 com-

1101 1708 1203 1741 missis,
1221 1709 1314 1741 bonis,
1333 1717 1405 1742 quae
1423 1717 1439 1734 a
1451 1709 1581 1734 Romana
1597 1709 1643 1734 vel
1660 1709 1696 1734 ab
1714 1708 1774 1734 aliis
1793 1712 1889 1734 tenent
1907 1708 2042 1740 ecclesiis,

1102 1743 1157 1769 sint
1175 1751 1226 1777 per
1243 1744 1412 1770 sententiam
1429 1744 1474 1769 vel
1492 1743 1553 1777 ipso
1571 1743 1630 1769 iure
1651 1743 1766 1777 privati:
1789 1744 1946 1776 statuimus,
1968 1747 1998 1768 ut
2015 1743 2043 1768 in

1102 1856 1252 1872 successores
1268 1848 1293 1872 in
1309 1848 1441 1880 praedictis
1462 1847 1557 1872 nullum
1578 1848 1615 1872 ius
1636 1848 1667 1871 de
1685 1851 1766 1872 cetero
1784 1848 1912 1879 pertinere,
1938 1851 1962 1871 et
1978 1847 2045 1879 quod

1102 1883 1167 1907 idem
1193 1891 1231 1915 ep.
1257 1884 1351 1906 Lexon.
1373 1882 1505 1906 satisfaciat
1526 1883 1556 1906 de
1578 1883 1700 1914 perceptis
1722 1883 1753 1906 ab
1775 1890 1804 1906 eo
1825 1883 1850 1906 in
1871 1882 1964 1906 eisdem
1985 1882 2045 1906 locis

1101 1918 1230 1941 occasione
1253 1918 1293 1941 vel
1318 1918 1417 1941 nomine
1442 1918 1531 1941 iurium
1552 1918 1731 1949 episcopalium
1755 1917 1838 1941 omnia
1859 1925 1922 1948 quae
1943 1916 2045 1940 extimat

1101 1953 1247 1984 quingentas
1264 1960 1358 1976 marcas
1380 1950 1492 1983 argentis
1509 1957 1554 1976 etc.
1595 1953 1742 1976 Procurator
1762 1960 1820 1975 vero
1838 1952 1896 1975 Lex.
1917 1960 1955 1983 ep.
1977 1951 2045 1975 salvo

1101 1987 1167 2018 quod
1184 1985 1246 2010 nec9
1264 1988 1322 2010 Lex.
1343 1987 1486 2018 capitulum,
1512 1995 1557 2010 nec
1578 1992 1683 2011 rectores
1704 1994 1749 2010 nec
1770 1987 1871 2010 clericos
1888 1986 2045 2010 ecclesiamm

1102 2022 1209 2053 ipsarum
1222 2022 1247 2045 in
1261 2022 1392 2053 praedictis
1403 2021 1540 2051 defendere,
1558 2030 1602 2045 nec
1616 2029 1700 2045 eorum
1710 2022 1747 2045 ins
1760 2021 1785 2044 in
1798 2021 1915 2044 iudicium
1925 2021 2045 2044 deducere

1101 2057 1244 2080 intendebat
1262 2056 1330 2080 litem
1347 2056 1519 2085 contestando,
1545 2056 1682 2087 respondit,
1703 2056 1769 2087 quod
1787 2056 1867 2079 dictae
1884 2055 2000 2079 ecclesiae
2017 2062 2046 2078 ac

1101 2091 1232 2122 parochiae
1245 2091 1355 2114 decimae
1366 2095 1388 2114 et
1403 2091 1486 2114 onmia
1499 2091 1639 2121 supradicta
1655 2091 1686 2114 (le
1699 2091 1788 2122 quibus
1805 2091 1885 2121 agitur
1901 2090 1925 2113 in
1939 2090 2045 2113 dioecesi

1103 2125 1298 2155 Rothomagensi
1320 2125 1468 2153 consistunt,
1491 2133 1535 2148 nec
1553 2125 1643 2148 debent
1650 2124 1672 2141 1⁰
1690 2125 1749 2153 fieri,
1774 2133 1836 2156 quae
1853 2133 1867 2148 a
1884 2128 1953 2156 parte
1969 2124 2046 2155 ipsius

1100 2160 1279 2191 archiepiscopi
1303 2160 1458 2191 petebantur,
1486 2168 1561 2191 quum
1584 2160 1642 2183 Lex.
1668 2160 1798 2190 episcopus
1822 2163 1846 2182 et
1868 2159 1918 2182 eius
1943 2158 2045 2182 ecclesia

1100 2202 1172 2225 snper
1194 2194 1324 2225 praedictis
1346 2199 1369 2217 et
1391 2194 1493 2225 singulis
1514 2194 1703 2225 praemissorum
1725 2194 1918 2225 praescriptione
1935 2193 2045 2224 legitima

1101 2229 1230 2257 muniatur,
1247 2229 1355 2260 exceptis
1368 2229 1471 2252 ecclesia
1483 2232 1507 2252 et
1524 2229 1642 2260 parochia
1658 2229 1689 2252 de
1704 2229 1824 2252 Rancallo
1831 2227 1852 2244 11
1870 2236 1942 2259 super
1956 2228 2044 2259 quibus

1100 2264 1158 2287 dicti
1172 2263 1281 2294 episcopi
1295 2268 1438 2294 procurator
1451 2263 1514 2286 cedit
1528 2263 1571 2287 liti.
1596 2264 1727 2294 Quumque
1741 2271 1813 2294 super
1825 2263 1863 2286 his
1873 2263 1914 2286 dil.
1929 2262 1961 2285 fil.
1976 2270 2039 2292 mag.

1104 2298 1132 2321 R.
1154 2298 1189 2321 St.
1207 2298 1333 2321 Eustachii
1350 2298 1482 2321 diaconum
1500 2298 1650 2321 cardinalem
1666 2298 1806 2321 dederimus
1823 2298 1959 2320 auditorem
1977 2301 2000 2320 et
2018 2297 2042 2319 in

1100 2333 1151 2355 eius
1168 2332 1306 2363 praesentia
1328 2336 1497 2364 procuratores
1516 2332 1563 2364 ipsi
1584 2331 1765 2364 aliquamdiuffl
1786 2332 1917 2362 litigarent,
1943 2331 2043 2354 tandem

1101 2366 1203 2398 praefati
1227 2367 1406 2398 archiepiscopi
1428 2372 1571 2398 procurator
1592 2372 1677 2390 contra
1700 2367 1918 2398 praescriptionem
1940 2374 1954 2389 a
1974 2369 2043 2396 parte

1100 2402 1176 2424 altera
1193 2402 1359 2432 praepositam
1376 2406 1524 2433 protestatus
1541 2406 1584 2431 est,
1610 2402 1676 2433 quod
1693 2401 1713 2425 si
1731 2401 1947 2432 praescriptionem
1965 2400 2043 2431 ipsam

1100 2436 1199 2467 probari
1216 2436 1367 2467 contingeret
1386 2436 1417 2459 ab
1434 2437 1552 2468 episcopo
1568 2436 1709 2467 supradicto
1726 2436 1757 2459 de
1774 2435 1950 2466 interruptione
1967 2434 2043 2465 ipsius

1100 2471 1155 2494 loco
1169 2474 1191 2494 et
1205 2474 1316 2502 tempore
1329 2471 1443 2501 congruis
1456 2471 1502 2494 sibi
1514 2471 1610 2494 salvum
1623 2474 1694 2499 esset,
1715 2471 1734 2493 si
1748 2470 1819 2493 vellet
1833 2470 1927 2492 docere.
1968 2469 2043 2492 Unde

1100 2513 1175 2536 quum
1188 2505 1219 2528 de
1232 2505 1261 2528 iis
1274 2513 1337 2537 qnae
1354 2510 1405 2528 tam
1418 2513 1501 2529 coram
1518 2506 1589 2529 nobis
1602 2513 1677 2537 quam
1693 2513 1775 2528 eoram
1793 2504 1903 2527 auditore
1916 2503 2043 2534 proposita

1100 2540 1193 2563 fuerant
1207 2548 1256 2563 non
1269 2540 1375 2571 potuerit
1393 2540 1445 2563 fieri
1459 2540 1533 2571 plena
1545 2540 1618 2568 lfides,
1639 2547 1737 2563 eausam
1755 2539 1858 2562 eandem
1875 2538 1906 2561 de
1923 2545 2042 2561 consensu

1099 2578 1285 2605 procuratorum
1300 2575 1408 2606 ipsorum
1417 2574 1438 2591 ¹³
1452 2575 1522 2598 vobis
1532 2575 1645 2598 duximus
1659 2573 1868 2601 committendam,
1886 2572 2038 2601 mandantes,

1100 2643 1149 2667 sato
1162 2644 1280 2675 episcopo
1293 2644 1360 2675 prius
1373 2652 1487 2675 expresso
1500 2649 1523 2667 et
1538 2644 1642 2675 probato
1655 2651 1754 2666 causam
1767 2643 1845 2673 ipsam
1858 2642 1877 2665 si
1890 2642 1922 2664 de
1935 2641 2042 2672 partium

1099 2679 1243 2709 processerit
1256 2679 1383 2702 voluntate
1396 2678 1444 2702 fine
1462 2679 1581 2702 canonico
1598 2677 1740 2701 terminetis.
1782 2676 1900 2707 Alioquin
1918 2675 1997 2707 ipsam
2010 2675 2041 2699 ad

1098 2721 1143 2737 nos
1156 2713 1284 2737 remittatis
1297 2713 1443 2737 sufficienter
1456 2713 1599 2737 instructam
1612 2712 1773 2743 praefigentes
1786 2711 1896 2742 partibus
1906 2715 1951 2734 ete.
1965 2717 2042 2742 usque

1099 2751 1240 2779 recepturae
1253 2748 1393 2780 provisione
1405 2756 1436 2771 ne
1448 2748 1491 2771 lite
1505 2747 1627 2779 pendente
1640 2747 1672 2770 ab
1683 2746 1767 2777 aliqua
1780 2745 1886 2777 partium
1898 2749 1944 2768 etc.

1586 2839 1607 2864 ὃ)
1618 2840 1706 2864 Longa:
1720 2839 1753 2863 1c;
1768 2839 1860 2858 Luuda:
1873 2837 1890 2857 L
1941 2837 1963 2862 G)
1972 2838 2040 2858 Asar-

1138 2842 1160 2865 4)
1170 2842 1298 2862 Ballinaco:
1314 2841 1348 2863 Ic.-
1363 2841 1500 2861 Balbanato:
1514 2839 1531 2860 L

1757 2866 1789 2889 11)
1800 2865 1910 2886 viniaco:
1923 2864 1960 2888 Ic,·
1973 2865 2040 2885 Ravi-

1249 2868 1333 2892 9)noe:
1347 2867 1415 2887 deest:
1430 2867 1466 2887 Ibe
1527 2866 1560 2891 10)
1571 2866 1650 2886 debet:
1664 2865 1700 2885 lbc

1149 2998 1202 3017 Tit.
1216 2997 1276 3017 XIII
1314 2995 1528 3021 Cap.1.1)11tet
1546 2996 1570 3014 in
1588 2994 1768 3019 praescrlbendis
1786 2994 1852 3014 robus
1871 2995 2038 3020 ecclesiasticis,

1097 3029 1154 3048 quae
1169 3024 1278 3048 possideri
1294 3024 1341 3042 iure
1352 3029 1377 3041 ct
1373 3027 1472 3043 minum
1489 3027 1531 3041 noc
1546 3021 1711 3045 praesumptio·
1707 3022 1785 3040 rontra
1795 3026 1945 3045 possessorem
1961 3021 2039 3041 haberi

1098 3050 1194 3069 sufficiat
1204 3050 1263 3069 bona
1272 3049 1333 3071 fides
1349 3049 1371 3067 in
1383 3048 1416 3067 his
1426 3050 1500 3067 tamen
1511 3052 1567 3071 quae
1582 3048 1609 3066 de
1620 3047 1667 3065 iuro
1678 3047 1792 3066 communi
1801 3047 1911 3070 possideri
1926 3049 2040 3071 nequeunt

1098 3076 1134 3095 vel
1148 3077 1227 3094 contra
1241 3079 1391 3099 possessorem
1405 3073 1556 3098 praesumpsso
1571 3073 1650 3092 haberi
1664 3073 1723 3092 bona
1736 3073 1791 3092 fides
1801 3078 1847 3092 non
1857 3073 1940 3093 sufficit
1953 3076 2009 3093 etin:
2023 3073 2040 3093 A

1099 3101 1120 3125 2)
1130 3101 1236 3120 habetur·
1230 3116 1236 3121 .
1250 3100 1340 3120 BCEFG.
