2243 3288
235 228 284 257 181

598 308 614 327 C
621 308 639 327 A
646 308 670 327 Ρ.
684 307 811 329 XXXVII.¹

236 341 259 361 Si
270 342 426 366 subdelegatus
441 342 537 366 delegati
547 343 621 367 Papae
636 343 790 362 iurisdictione
804 342 836 362 nti
847 342 952 366 coeperit,
968 347 981 360 a
991 341 1092 364 delegato
1103 346 1173 360 reino-

235 369 283 388 veri
302 373 348 387 non
361 370 444 393 potest;
463 370 486 387 et
503 369 522 387 si
537 369 616 387 feeerit
630 371 708 387 eontra
722 369 857 390 mandatum.
878 368 925 387 sive
940 368 1060 387 excesserit
1079 367 1173 386 formam

516 394 625 418 rescripti,
637 400 753 418 processus
764 396 797 413 est
806 394 887 413 nullus.

236 436 407 462 Honorius
438 437 481 462 111.
512 436 725 462 Messanensi
757 440 789 462 et
818 434 1024 469 Reginensi2
1053 434 1173 460 Archi-

610 471 796 505 episcopis.

304 513 485 539 Venerabili3
497 512 575 538 fratri
588 518 683 539 nostro
693 513 905 546 archiepiscopo
916 511 1069 538 Cusentino
1078 512 1174 536 nostris

236 547 364 573 dedimus
386 548 465 572 literis
486 547 515 573 in
532 547 681 579 mandatis,
700 552 728 573 ut
747 547 914 572 venerabilem
932 546 1041 577 fratrem
1058 550 1173 570 nostrum

238 581 484 616 Cephaludensern
497 582 662 616 episcopum
675 581 784 607 restitui
803 581 908 607 faceret
920 580 957 606 ad
970 580 1173 614 episcopatum,

235 620 264 642 et
281 616 351 641 ad⁴¹‘
369 616 431 648 alia,
450 616 551 650 quibus
569 616 659 642 fuerat
677 616 782 641 indebite
800 615 948 649 spoliatus;
972 623 1026 648 quo
1045 614 1173 640 restituto

238 650 372 684 plenarie,
390 655 417 676 et
435 651 610 684 corporalem
624 659 656 676 ac
675 650 820 684 pacificam
838 649 1047 683 possessionem
1060 648 1173 682 adepto,

236 685 259 710 si
273 685 373 714 videret,
387 685 455 718 quod
466 685 539 715 idem,
554 685 703 719 episcopus
721 684 821 710 merito
836 688 921 716 esset,
936 688 1014 716 prout
1031 683 1103 708 nullis
1115 692 1173 715 suy-

233 724 332 752 yeslmn
354 719 450 752 suerat,
469 719 505 745 de
523 719 725 753 dilapidatione
743 723 900 752 suspectus,
919 718 1008 743 virum
1027 717 1174 751 providum

237 758 266 779 et
289 754 438 780 honestum
463 753 624 787 provideret
648 753 840 779 coadiutorem
863 752 955 778 eidem
977 751 1173 784 adiungeres›·‚

236 788 296 814 sine
310 788 387 814 cuius
404 788 520 813 consilio
534 788 601 813 nihil
619 796 716 813 eorum
730 787 843 818 faceret,
858 795 930 820 quae
949 786 984 812 ad
998 786 1172 811 administra-

236 823 342 848 tionem
362 822 502 856 pertinent
525 822 717 856 temporalem,
736 821 938 855 quoadusqueG
959 820 1077 846 veritate
1099 828 1172 845 com-

235 861 316 890 perta
334 856 499 882 duceremus
517 857 599 882 aliter
616 855 830 890 providendum,
848 855 958 881 interim
975 863 1057 880 omne
1071 855 1173 880 aliena-

235 891 319 916 tionis
344 899 433 924 genus
459 899 555 917 eorum
580 891 691 924 utrique
713 890 879 916 auctoritate
903 894 1000 915 nostra
1022 889 1173 914 districtius

233 925 413 951 interdicens.
443 926 528 951 Porro
542 924 618 951 idem
631 925 859 958 archiepiscopus
873 924 999 957 corporis
1014 923 1173 949 infirmitate

235 964 377 993 gravatus,
394 960 533 985 commisit
550 959 577 984 in
594 959 754 985 huiusmodi
772 958 886 992 negotio
904 959 978 984 vices
997 966 1061 983 suas
1083 958 1172 992 primo

235 994 331 1020 abbati
353 994 440 1020 sancti
459 994 577 1028 Spiritus
596 993 630 1019 de
648 994 795 1024 Panormo,
813 1001 845 1018 ac
868 993 982 1018 demum
1000 992 1172 1018 thesaurario

235 1029 398 1054 Cusentino.
435 1028 560 1061 Quorum
577 1036 726 1062 processus
745 1027 825 1053 nobis
844 1027 982 1053 exhibitos
1002 1027 1036 1052 de
1058 1026 1173 1052 fratrum

235 1068 394 1088 nostrorum
411 1063 527 1088 consilio
546 1062 717 1088 cassavimus
735 1062 839 1087 iustitia
856 1062 996 1095 exigente,
1014 1061 1079 1095 quia
1096 1061 1172 1087 vide-

235 1098 301 1123 licet
318 1098 406 1123 abbas
425 1101 521 1123 contra
533 1097 658 1122 mandati
672 1097 760 1122 nostri
779 1101 905 1122 tenorem
917 1095 953 1121 ad
967 1095 1172 1129 inquirendum,

236 1136 329 1157 utrum
347 1132 382 1158 de
401 1131 602 1165 dilapidatione
620 1135 767 1169 suspectus
789 1135 866 1156 esset
887 1130 1046 1164 episcopus,
1065 1138 1098 1156 eo
1117 1138 1172 1155 non

233 1166 364 1192 restituto
386 1166 533 1200 processit,
556 1170 583 1192 et
605 1166 697 1191 archle
721 1166 832 1199 iscopus
855 1165 926 1199 ipse,
945 1173 1031 1198 quum
1049 1164 1103 1190 iam
1121 1172 1172 1189 suo

236 1200 347 1226 functus
366 1205 442 1227 esset
459 1200 551 1226 officio
570 1200 644 1226 dicto
662 1174 757 1226 abbati
774 1199 975 1225 committendo
994 1199 1021 1224 in
1035 1199 1173 1232 integrum

234 1235 311 1295 gices
325 1243 400 1296 sgas,
409 1234 568 1261 huiusmodi
582 1235 726 1269 negotium
739 1234 813 1260 dicto
828 1233 1001 1261 thesaurario
1015 1242 1070 1259 non
1084 1233 1174 1268 potuit

255 1278 336 1297 eman
358 1278 414 1296 are.

593 1322 665 1341 CAP.
681 1320 817 1341 xxxvnm

234 1356 259 1377 Si
269 1356 384 1381 delegatus
393 1357 583 1381 pronunciaverit,
598 1362 622 1376 se
636 1355 814 1375 iurisdictionem
829 1361 873 1375 non
884 1356 973 1379 hahere,
988 1355 1059 1380 ipsam
1069 1355 1137 1374 etiam
1148 1354 1175 1373 de

499 1388 611 1402 consensu
621 1383 717 1406 partium
728 1387 773 1401 non
784 1382 910 1401 reassumit.

275 1425 462 1458 Gregorius
482 1425 529 1450 IX.
549 1425 594 1451 592
612 1424 834 1450 Praecentori
852 1429 886 1450 et
904 1423 1069 1457 Magistro
1088 1422 1140 1448 N.³

464 1463 629 1489 canonico
648 1462 945 1489 Ambianensibus.

304 1510 533 1545 Significantibus
551 1511 589 1536 M.
603 1510 718 1536 muliere
732 1514 760 1536 et
776 1511 806 1536 F.
820 1514 885 1536 nato
904 1509 963 1535 eius
976 1517 1027 1534 nos
1040 1507 1173 1534 noveritis

235 1546 390 1580 accepisse,
405 1545 492 1579 quod,
506 1553 592 1579 quum
605 1545 706 1570 nobilis
720 1545 819 1570 mulier
832 1544 869 1570 I.4
885 1544 978 1575 vidua,
991 1543 1129 1569 mentiens
1143 1551 1173 1569 se

235 1588 399 1614 pauperem,
416 1584 513 1605 contra
529 1587 579 1605 eos
598 1587 683 1613 super
700 1579 780 1605 terris
798 1583 826 1605 et
842 1579 926 1605 rebus
939 1578 1000 1604 aliis
1013 1577 1049 1603 ad
1067 1577 1173 1603 iudices

235 1615 379 1640 nostras5⁸
400 1614 494 1640 literas
512 1615 701 1648 impetrasset,
724 1613 808 1639 iidem
830 1621 924 1639 coram
946 1612 986 1639 eis
1008 1611 1172 1646 excipiendo

235 1657 394 1684 proponere
412 1653 586 1681 curaverunt,
605 1648 691 1682 quod,
710 1656 796 1682 quum
809 1647 901 1674 dictae
922 1647 1019 1673 literae
1037 1651 1172 1679 suggesto

235 1684 383 1709 mendacio
407 1683 573 1717 impetratae
595 1682 721 1714 fuissent,
748 1691 834 1716 quum
855 1681 1000 1716 praedicta
1024 1681 1173 1713 Iuliana⁶⁸,

237 1726 310 1752 quae
323 1718 424 1744 nobilis
438 1722 480 1743 est
494 1722 521 1743 et
535 1717 623 1749 dives,
634 1725 789 1751 pauperem
802 1725 832 1743 se
847 1717 963 1742 dixisset
976 1716 1003 1741 in
1017 1716 1068 1747 eis,
1079 1723 1173 1741 coram

236 1752 314 1786 ipsis,
336 1752 388 1778 nisi
410 1752 545 1786 requisito
567 1752 644 1786 prius
667 1751 791 1783 domino,
814 1751 866 1777 sub
885 1751 963 1776 cuius
981 1749 1173 1775 iurisdictione

236 1787 289 1821 ipsi
307 1787 471 1819 consistunt,
490 1791 518 1812 et
537 1794 632 1812 coram
650 1794 705 1819 quo
727 1786 817 1820 parati
835 1790 913 1812 erant
931 1785 1024 1811 eidem
1041 1784 1173 1810 exhibere

235 1821 357 1847 iustitiae
378 1821 625 1855 complementum,
647 1829 703 1846 non
725 1820 868 1846 debebant
890 1819 926 1846 de
947 1819 1006 1844 iure
1031 1827 1082 1852 per
1103 1818 1174 1844 tales

234 1856 328 1882 literas
343 1855 493 1887 conveniri,
504 1855 578 1881 unde
589 1855 655 1880 dicti
664 1854 770 1881 iudices
782 1853 997 1888 interloquendo
1009 1853 1173 1887 pronuncia-

235 1895 308 1922 runt,
319 1898 350 1916 se
360 1898 410 1924 per
419 1890 535 1916 easdem
544 1890 638 1915 literas
650 1889 805 1923 procedere
815 1897 871 1915 non
885 1889 998 1914 debere.
1024 1888 1069 1921 (Et
1079 1887 1174 1920 infirm)

235 1925 357 1951 Demum
368 1924 419 1949 suit
429 1924 577 1958 apartibus
589 1924 618 1949 in
625 1924 764 1957 quosdam
775 1928 908 1957 tanquam
919 1923 947 1948 in
957 1922 1076 1948 arbitros
1084 1922 1175 1948 taliter

237 1959 480 1993 compromissum,
503 1958 588 1992 quod,
607 1958 631 1984 si
648 1958 735 1983 insra7
758 1959 907 1984 terminum
924 1957 952 1983 in
970 1956 1174 1990 compromisso

236 2001 402 2027 expressum
423 2001 537 2018 causam
560 2001 617 2018 non
642 1992 815 2025 deciderent,
840 1996 934 2026 partes
959 1992 995 2017 ad
1020 1991 1175 2017 eorundem

235 2028 360 2054 iudicum
384 2027 508 2053 redirent
529 2035 657 2052 examen.
693 2027 799 2053 Verum
820 2026 930 2052 arbitris
953 2034 1066 2051 causam
1089 2025 1176 2051 infra&

236 2063 386 2088 terminum
402 2061 611 2095 negligentibus
630 2061 788 2093 terminare,
802 2061 867 2087 dicti
884 2061 992 2086 iudices
1008 2060 1174 2086 iurisdictio-

237 2105 302 2122 nem
321 2105 371 2130 per
389 2096 507 2121 sormam
524 2095 721 2129 compromissi
738 2095 898 2121 huiusmodi
921 2098 1142 2128 resumpserunt,
1160 2103 1176 2119 a

239 2131 340 2165 quibus
358 2130 442 2156 iidem
461 2138 491 2156 se
509 2130 662 2156 sentientes
685 2130 802 2163 gravari,
820 2129 897 2163 quod
919 2137 1004 2162 super
1022 2129 1074 2160 his,
1091 2137 1176 2162 super

238 2165 338 2199 quibus
361 2165 396 2190 ab
418 2165 459 2190 eis
481 2164 591 2190 fuerant
612 2164 743 2196 absoluti,
761 2164 868 2197 litigare
886 2163 1095 2197 compellebant
1113 2171 1176 2188 eos-

237 2200 311 2232 dem,
333 2199 369 2225 ad
390 2203 514 2224 nostram
536 2198 707 2224 audientiam
732 2199 917 2232 appellarunt.
954 2197 1078 2230 Ideoque
1099 2205 1175 2222 man-

238 2234 347 2267 damus,
361 2238 508 2268 quatenus,
523 2233 546 2258 si
559 2237 602 2259 est
616 2233 664 2265 ita,
677 2233 814 2259 revocetis
828 2233 855 2258 in
868 2231 1001 2264 irritum9,
1016 2236 1069 2257 etc.

603 2302 619 2322 C
626 2302 645 2321 A
652 2302 676 2322 P.
691 2302 790 2321 XXXIX.
797 2301 804 2314 ¹

235 2338 322 2358 Arbitri
342 2338 408 2357 electi
428 2337 456 2356 ad
476 2342 565 2356 causam
584 2336 740 2358 recusationis,
761 2336 875 2359 assignant
893 2336 992 2360 partibus
1011 2335 1132 2354 terminum
1148 2335 1176 2354 ad

235 2364 375 2390 probandam
391 2369 480 2383 causam
495 2363 635 2387 suspicionis.
655 2364 677 2381 et
691 2362 757 2381 iudex
777 2364 891 2381 recusatus
905 2361 1020 2386 compellit
1038 2362 1134 2380 arbitros
1148 2361 1176 2380 ad

591 2394 680 2408 causam
692 2388 821 2407 finiendam.

657 2430 757 2456 Idem.

305 2474 479 2509 Suspicionis
501 2482 586 2499 causa
607 2478 703 2499 contra
726 2473 846 2498 iudicem
868 2472 1020 2505 assignata,
1038 2480 1093 2497 non
1116 2472 1176 2506 ipse

238 2509 285 2544 qui
311 2509 406 2535 forsan
430 2513 599 2543 provocatus
621 2508 745 2539 obesset,
768 2507 818 2533 sed
841 2507 936 2532 arbitri
958 2507 1060 2540 potius,
1082 2514 1176 2532 coram

239 2544 340 2578 quibus
362 2543 489 2578 probatio
513 2547 556 2569 est
577 2542 716 2574 facienda,
734 2546 761 2567 et
783 2541 818 2567 ad
841 2549 912 2575 quos
931 2541 1032 2573 omnia,
1051 2549 1123 2574 quae
1140 2541 1176 2566 ad

237 2579 310 2604 hunc
325 2578 472 2604 articulum
485 2577 598 2608 faciunt,
612 2577 752 2610 pertinere
765 2580 927 2607 noscuntur,
941 2580 1059 2609 possunt
1072 2575 1109 2600 ad
1122 2575 1176 2601 hoc

238 2613 387 2639 terminum
400 2612 554 2645 assignare.
579 2611 623 2636 Ab
638 2611 699 2645 ipso
714 2618 827 2648 quoque
842 2610 942 2641 iudice,
956 2610 998 2635 cui
1013 2610 1083 2635 sicut
1096 2609 1175 2635 iuris—

238 2647 332 2679 dictio,
359 2647 398 2672 sic
422 2651 450 2673 et
475 2651 578 2678 cetera,
603 2645 663 2671 sine
689 2645 790 2678 quibus
816 2644 946 2678 explicari
971 2645 1090 2669 causa2‘
1120 2652 1175 2669 non

238 2686 341 2716 potest,
361 2681 553 2714 intelliguntur
575 2688 638 2706 esse
661 2679 819 2711 commissa,
842 2678 928 2704 iidem
949 2682 979 2704 ut
1000 2678 1175 2711 conveniant,

288 2786 342 2804 Tit.
355 2785 435 2804 XXIX.
463 2785 524 2808 Cap.
539 2784 648 2804 xxxvn.
678 2782 696 2806 i)
708 2782 834 2802 [testandum
846 2787 869 2800 ez
878 2781 945 2805 Comp.
956 2783 982 2801 V.
992 2787 1009 2800 c.
1020 2784 1038 2801 2.
1048 2781 1089 2801 h.t.
1101 2782 1174 2806 (1‚15.]

237 2812 257 2834 2)
268 2812 363 2831 Messen.
375 2813 396 2830 et
406 2811 486 2835 Regin.
497 2811 612 2834 magiam:
628 2809 666 2828 Ed»
677 2809 748 2828 arch.:
759 2808 812 2829 Enc:
823 2809 878 2827 Ten.
889 2810 911 2827 et
921 2808 1052 2831 Rottmmag.
1063 2808 1136 2827 arch.:
1147 2807 1175 2827 Eo

238 2838 376 2857 -1216—27.
385 2836 508 2855 —Pammst
518 2841 551 2855 no.
559 2837 616 2855 7726.
648 2836 667 2855 3)
680 2836 776 2857 Rogatus
787 2834 840 2853 olim
851 2839 864 2852 a
873 2834 937 2852 vobis
947 2835 969 2852 et
979 2834 1083 2852 fratribus
1093 2834 1175 2852 nostris

237 2863 358 2882 carissimis
377 2862 525 2887 (carissimusz
550 2861 585 2885 Ec)
604 2862 627 2880 in
647 2861 735 2880 Christo
753 2861 786 2883 (ln
801 2859 918 2879 (fluminale
931 2859 1006 2877 avulsit.
1021 2858 1098 2882 li'r'cht.)
1117 2859 1175 2878 tilius

237 2891 314 2908 noster
335 2889 468 2908 Frederieus
487 2889 639 2907 Romanorum
663 2887 784 2910 imperator
807 2888 828 2904 et
852 2890 939 2908 semper
958 2885 1076 2908 Augustus.
1096 2886 1118 2903 et
1137 2890 1175 2904 rex

238 2915 336 2937 Siciliae,
351 2916 375 2933 ut
390 2915 516 2933 restitueret
529 2920 580 2933 ven.
596 2914 621 2932 t'r.
637 2915 737 2931 nostrum
753 2911 944 2935 (Jephuludeusem
960 2911 1094 2934 episcopum.
1110 2916 1174 2935 quem

238 2941 373 2964 spoliaverat
383 2940 479 2959 eeclesia
488 2942 510 2959 et
524 2940 574 2959 :uiis
589 2939 654 2958 bonis
668 2939 721 2961 suis,
732 2943 754 2956 so
765 2937 787 2956 id
801 2937 871 2956 libere
882 2937 990 2955 facturum
1002 2937 1053 2954 viva
1062 2942 1117 2955 voce
1127 2942 1175 2960 pro—

239 2967 307 2989 misit,
322 2966 381 2985 unde
395 2971 435 2990 per
448 2966 531 2989 scripta
540 2967 616 2984 nostra
626 2970 675 2983 ven.
688 2965 713 2983 fr.
725 2966 778 2982 etc.:
793 2962 811 2981 Ε
835 2964 856 2982 4)
867 2963 906 2981 ad:
921 2961 989 2980 clusi.-
1004 2961 1064 2980 led.
1075 2961 1120 2981 0011.
1131 2967 1149 2981 ο.
1161 2961 1179 2981 Ε

238 2992 259 3015 5)
269 2992 371 3016 adiung.:
386 2991 455 3010 deest.-
469 2991 496 3010 ib.
525 2992 545 3014 ὃ)
555 2996 682 3015 quousque:
698 2988 766 3008 lmXE

291 3018 353 3041 Cap.
368 3017 490 3036 xxxvni.
518 3017 538 3040 I)
550 3017 658 3036 1:227—34.
670 3027 693 3030 -
705 3014 798 3034 Potitum!
813 3019 846 3032 no.
857 3014 916 3033 9553.
944 3014 964 3031 ‘21
975 3013 1010 3031 R:
1024 3012 1092 3031 Aust.-
1107 3012 1177 3035 Lam.-

239 3048 300 3061 νεῖμε
315 3042 342 3061 Lb
377 3043 448 3065 3)11.:
462 3042 522 3063 FGL:
538 3044 574 3061 B.:
590 3041 610 3061 X
644 3042 664 3062 ⁴)
676 3042 772 3061 luliana:
788 3039 936 3058 Frvlillrcont.
954 3039 1024 3057 llu‘lum.
1065 3038 1085 3060 fi)
1096 3041 1176 3058 nostr.:

237 3068 305 3089 deest.-
319 3068 380 3090 codd.
391 3068 436 3089 coll.
447 3074 465 3088 ο.
510 3069 530 3093 ὓ)
541 3068 570 3088 1.:
585 3067 673 3087 FOHIK
723 3068 741 3091 ἶ)
753 3067 824 3086 intra:
840 3065 897 3085 Ceut.
907 3065 979 3085 Belum.
1033 3064 1054 3089 b)
1064 3065 1134 3085 lutra:
1149 3064 1175 3086 fb.

489 229 697 256 DECRETAL.
718 229 881 256 GREGOR.
902 229 948 256 IX.
968 229 1033 256 LlB.
1054 229 1072 256 Ι.
1092 229 1161 256 T1T.
1181 229 1282 256 XXIX.
1302 229 1353 255 DE
1372 229 1515 256 OFFICIO
1535 229 1610 255 lUD.
1630 228 1711 254 DEL.
1731 235 1754 254 e.
1774 236 1884 261 37m43.

2096 228 2144 254 182

1209 307 1231 332 si
1250 306 1393 333 discordes
1412 306 1522 339 suerint,
1542 307 1569 332 in
1587 314 1670 332 unam
1688 305 1865 337 sententiam,
1883 305 1926 331 vel
1949 305 2060 331 tertium
2078 313 2143 330 con-

1209 341 1330 367 corditer
1347 341 1495 373 advocent,
1513 349 1576 367 cum
1594 349 1649 374 quo
1669 340 1723 366 duo
1742 341 1786 366 vel
1805 340 1875 366 alter
1892 348 1988 365 eorum
2006 339 2034 364 id
2052 339 2143 371 saciat,

1209 380 1273 400 sunt
1286 375 1415 408 cogendi,
1434 383 1469 401 ne
1486 375 1645 401 huiusmodi
1663 375 1809 401 occasione
1828 374 1981 409 principale
2000 373 2143 407 negotium

1210 410 1270 444 plus
1285 409 1381 436 debito
1396 414 1570 444 prorogetur.

1604 479 1676 498 CAP.
1691 477 1753 498 XL.¹

1210 513 1317 537 Delegata
1335 513 1460 532 iurisdictio
1479 513 1506 532 ad
1526 518 1641 537 personas,
1661 519 1707 532 non
1726 518 1840 537 expressae
1858 512 1881 530 in
1901 512 2015 536 rescripto,
2036 511 2102 530 etiam
2117 511 2144 530 dn

1434 540 1530 563 ipsarum
1542 545 1652 558 consensu
1662 540 1777 563 prorogari
1787 544 1832 557 non
1843 540 1922 562 potest.

1367 581 1457 607 Idem
1476 581 1600 606 Abbati
1621 586 1760 607 sanctae
1780 579 1985 607 Genovefae.

1279 629 1305 653 P.
1320 634 1347 654 et
1361 629 1429 654 0²·
1447 636 1496 662 per
1510 628 1603 653 literas
1617 628 1786 661 apostolicas
1800 626 2035 660 conquerentibus
2049 634 2143 652 coram

1210 667 1236 688 te
1266 663 1301 688 de
1330 663 1464 696 episcopo
1495 662 1715 693 Londonensi³⁸,
1746 662 1821 695 quod
1851 669 2014 687 concessum
2043 661 2078 686 ab
2103 661 2143 686 eis

1208 702 1334 722 mutuum
1352 697 1489 731 promisso
1507 697 1568 721 loco
1587 701 1614 722 et
1632 697 1750 721 termino
1768 704 1823 721 non
1842 695 1983 729 persolvit,
2002 695 2143 728 pendente

1209 731 1310 757 iudicio
1328 732 1347 757 Ι.
1365 731 1459 762 laicus,
1473 731 1519 764 qui
1543 730 1569 755 in
1589 730 1744 763 quantitate
1766 730 1887 763 quadam
1910 729 2017 755 eisdem
2039 737 2143 755 merca-

1211 766 1317 791 toribus
1331 766 1487 796 tenebatur,
1500 765 1543 789 in⁴
1562 773 1592 790 se
1610 770 1686 789 tuam
1704 764 1932 795 iurisdictionem,
1946 764 2016 789 sicut
2034 764 2143 795 asserit,

1209 800 1295 825 voluit
1317 808 1479 834 prorogare,
1497 803 1536 831 ut,
1554 799 1576 823 si
1595 798 1683 824 infra-'³
1701 798 1848 824 terminum
1867 798 2047 823 constitutum
2065 806 2143 831 prae-

1210 834 1313 860 dictam
1331 842 1386 859 non
1404 834 1526 859 solveret
1548 832 1743 866 quantitatem,
1766 832 2093 858 excommunicationis-‚⁶⁹
2116 836 2143 857 et

1209 869 1348 894 interdicti
1378 868 1531 894 sententias
1562 867 1589 892 in
1618 875 1768 900 personam
1797 872 1825 892 et
1850 871 1951 892 terram
1975 866 2050 892 eius7
2081 874 2143 900 pro—

1209 904 1359 936 mulgares.
1390 903 1465 935 Quas
1480 901 1637 927 huiusmodi
1652 901 1799 926 occasione
1812 909 1827 926 a
1841 905 1868 926 te
1882 901 1952 925 latas
1967 900 2142 926 decernimus

1209 946 1264 963 non
1281 937 1383 968 valere,
1401 944 1497 970 quum,
1515 935 1567 961 etsi
1590 935 1658 960 alias
1677 935 1859 960 iurisdictioni
1878 943 2010 968 praeesse
2034 935 2143 966 dicaris,

1209 973 1274 1005 quia
1300 972 1328 997 in
1354 971 1460 996 dictum
1486 971 1505 995 Ι.
1531 970 1634 995 nullam
1660 969 1878 994 iurisdictionem
1906 969 2041 1000 habebas,
2066 969 2143 994 iuris-

1209 1006 1337 1031 dictionis
1360 1004 1519 1039 prorogatio
1541 1004 1616 1029 nulla
1637 1003 1760 1029 noscitur
1777 1003 1927 1035 exstitisse,
1945 1012 2029 1036 quum
2051 1003 2144 1028 huius-

1208 1040 1438 1079 modrdelegata
1462 1038 1615 1064 iurisdictio
1637 1038 1673 1063 ad
1695 1038 1761 1063 alias
1784 1046 1918 1072 personas
1940 1043 2061 1071 nequeat
2082 1046 2145 1071 pro-

1208 1083 1309 1108 rogari.

1600 1124 1616 1143 C
1623 1124 1672 1143 ΑΡ.
1688 1124 1744 1143 XLI.
1751 1123 1765 1147 ¹,

1208 1162 1280 1180 Maior
1289 1161 1336 1180 XX.
1347 1160 1412 1179 annis
1422 1161 1494 1184 potest
1503 1165 1516 1178 a
1525 1164 1657 1183 quoeunque
1668 1158 1716 1177 dai-i
1727 1158 1852 1182 delegatus;
1864 1158 1922 1177 idem
1933 1158 1956 1176 in
1967 1158 2047 1176 maiori
2058 1158 2145 1180 xvm..

1208 1187 1330 1207 dummodo
1344 1186 1480 1205 interveniat
1493 1190 1615 1205 consensus
1630 1185 1733 1208 partium.
1766 1185 1840 1203 Minor
1854 1190 1907 1203 vero
1922 1184 2001 1204 xvm.
2017 1189 2061 1202 non
2075 1186 2148 1208 potest

1551 1211 1606 1235 dari,
1618 1211 1661 1229 nisi
1672 1216 1685 1229 a
1694 1210 1802 1234 principe.

1631 1252 1729 1278 Idem.

1278 1302 1370 1336 Quum
1387 1300 1588 1334 vigesimum2*
1611 1308 1714 1325 annum
1736 1299 1889 1333 peregeris,
1908 1298 1966 1324 dari
1983 1298 2098 1332 potuisti
2121 1298 2147 1324 in

1209 1341 1302 1363 aetate
1330 1335 1491 1362 huiusmodi
1520 1335 1677 1367 delegatus.
1715 1334 1847 1360 Ceterum
1876 1333 2026 1359 constituto
2060 1332 2147 1358 insra3

1209 1376 1332 1398 aetatem
1354 1370 1483 1401 eandem,
1500 1369 1552 1395 nisi
1571 1373 1665 1403 partes
1684 1368 1804 1394 scienter
1822 1367 2009 1394 consentirent
2027 1367 2054 1392 in
2073 1376 2146 1399 eum,

1211 1406 1257 1440 qui
1276 1414 1379 1431 annum
1396 1405 1493 1430 XVIII.
1512 1403 1755 1436 transscendisset‚
1773 1402 1845 1429 facta
1867 1402 2008 1435 delegatio
2026 1402 2060 1428 ab
2082 1402 2147 1435 alio,

1210 1449 1295 1475 quam
1308 1448 1325 1466 a
1338 1439 1474 1474 principe,
1487 1447 1543 1464 non
1557 1442 1674 1464 teneret.

1593 1507 1665 1527 CAP.
1681 1507 1748 1526 XLI-I.
1756 1505 1764 1520 ¹

1208 1546 1310 1565 Potestas
1324 1544 1423 1569 plurium
1434 1543 1587 1567 delegatorum
1597 1542 1633 1561 vel
1648 1542 1783 1586 a{bit‘⁰¹'¹.¹¹¹¹
1793 1541 1926 1566 simpliciter
1937 1541 2038 1560 (latorum
2050 1540 2148 1565 exspirat

1562 1574 1602 1592 per
1611 1573 1660 1587 mor
1671 1574 1705 1587 em
1716 1573 1795 1591 unius„

1630 1610 1730 1636 Idem.

1277 1656 1341 1682 Uno
1356 1654 1552 1687 delegatorum
1565 1653 1610 1679 vel
1627 1653 1804 1684 arbitrorum,
1817 1651 1887 1677 sicut
1905 1652 2049 1686 proponis,
2062 1652 2146 1677 rebus

1208 1690 1337 1716 humanis
1359 1693 1501 1722 exempt0‚
1523 1696 1622 1714 eorum
1639 1687 1762 1713 officium
1780 1686 1940 1720 exspiravit,
1958 1687 2010 1712 nisi
2027 1686 2102 1712 aliud
2120 1687 2147 1712 in

1209 1725 1387 1758 delegatione
1402 1724 1466 1749 aut²
1480 1722 1684 1756 compromisso
1698 1722 1797 1748 fuisset
1810 1729 1982 1755 expressum.

1589 1792 1661 1812 CAP.
1676 1790 1771 1810 XLm.¹

1208 1833 1330 1857 Delegatus
1344 1833 1418 1856 Papae
1433 1831 1579 1855 subdelegare
1593 1832 1672 1855 potest,
1687 1830 1740 1850 lieet
1754 1830 1818 1849 datus
1833 1830 1861 1848 sit
1876 1835 1903 1848 ex
1918 1829 1998 1853 officio,
2012 1830 2048 1848 vel
2063 1829 2090 1848 de
2100 1834 2148 1853 par-

1209 1860 1264 1878 tium
1280 1864 1398 1881 consensu,
1414 1858 1449 1876 vel
1465 1863 1514 1877 cum
1530 1857 1630 1876 clausula
1644 1856 1822 1880 praeelectionis.
1838 1855 1956 1875 videlicet:
1976 1856 2054 1879 ..quod
2069 1856 2088 1874 si
2103 1861 2148 1874 non

1210 1890 1294 1907 omnes„
1309 1887 1333 1903 tu
1348 1890 1397 1903 cum
1413 1884 1457 1902 alio
1471 1883 1607 1907 exsequaris,
1622 1882 1681 1901 etc.“
1708 1883 1757 1901 Hoc
1771 1882 1826 1900 dicit
1839 1887 1908 1905 usque
1923 1881 1950 1900 ad
1965 1883 1983 1903 ξ.
1998 1882 2018 1899 Is
2033 1883 2114 1900 autem.
2125 1892 2148 1895 -

1209 1914 1227 1933 ς’.
1247 1913 1265 1930 1.
1288 1911 1316 1933 Is,
1337 1911 1372 1929 cui
1391 1910 1539 1929 committitur
1557 1909 1678 1932 negotium,
1697 1910 1721 1927 ut
1739 1907 1887 1932 personaliter
1905 1909 2045 1931 exsequatur,
2069 1909 2148 1931 potest,

1210 1938 1228 1956 si
1242 1939 1316 1961 partes
1332 1937 1482 1957 consentiunt,
1498 1935 1563 1954 alteri
1578 1934 1732 1958 subdelegare.
1760 1933 1827 1952 Fallit
1840 1934 1864 1952 in
1879 1934 1966 1952 casibus
1981 1933 2016 1951 hic
2031 1934 2149 1956 expressis.

1210 1964 1258 1982 Hoc
1273 1963 1329 1982 dicit
1342 1967 1411 1986 usque
1426 1961 1453 1980 ad
1469 1964 1487 1983 ς’.
1503 1961 1616 1980 Ceterum.
1630 1970 1656 1973 —-
1669 1962 1687 1982 ξ.
1698 1961 1717 1979 2,
1732 1960 1761 1982 Is,
1778 1960 1814 1978 cui
1824 1959 1971 1978 committitur
1986 1958 2069 1977 nudum
2084 1959 2149 1977 mini-

1210 1989 1302 2008 sterium
1321 1987 1495 2011 exsequendum,
1516 1992 1561 2005 non
1580 1988 1653 2010 potest
1666 1986 1727 2005 vices
1741 1991 1791 2004 suas
1805 1985 1871 2003 alteri
1886 1986 2035 2005 committere:
2056 1985 2112 2003 fallit
2127 1985 2150 2003 in

1561 2013 1590 2032 Et
1609 2014 1642 2031 est
1659 2013 1733 2030 textus
1752 2011 1866 2035 notabilis,
1886 2013 1907 2030 et
1926 2011 2019 2030 multum
2033 2010 2149 2034 allegatur.

1595 2038 1653 2057 Abb.
1665 2037 1760 2056 Siculus.

1631 2079 1731 2105 Idem.

1280 2128 1419 2162 Quoniam
1437 2127 1592 2161 apostolica
1609 2127 1693 2153 sedes
1710 2126 1830 2153 intendit
1851 2126 1999 2160 providere
2017 2125 2148 2158 negotiis,

1211 2164 1273 2189 et‘2·
1294 2171 1351 2188 non
1373 2162 1512 2196 personis,
1534 2161 1636 2195 quibus
1658 2161 1759 2187 eadem
1781 2161 1999 2192 committuntur,
2021 2160 2043 2185 si
2066 2160 2147 2185 iudex

1212 2197 1320 2229 tertius,
1337 2197 1403 2222 licet
1420 2205 1453 2222 ex
1471 2196 1563 2221 officio
1586 2200 1692 2228 nostro,
1709 2196 1754 2221 vel
1772 2195 1808 2221 de
1826 2203 1942 2221 assensu
1960 2195 2079 2228 partium
2097 2203 2147 2227 pro

1212 2232 1351 2257 communi
1365 2239 1381 2256 a
1393 2231 1474 2256 nobis
1493 2231 1574 2256 datus
1593 2230 1710 2262 eisdem,
1727 2230 1773 2255 alii
1791 2229 1964 2262 delegaverit
1982 2229 2056 2254 vices
2074 2237 2148 2260 suas,

1213 2274 1299 2300 quum
1321 2266 1452 2299 delegato
1469 2274 1486 2290 a
1504 2265 1629 2298 principe
1650 2265 1679 2290 id
1701 2264 1871 2290 concedatur
1888 2273 1904 2289 a
1922 2264 1988 2295 iure,
2007 2263 2147 2296 delegatio

1211 2300 1315 2326 valebit
1336 2300 1433 2334 ipsius.
1469 2299 1547 2325 Idem
1570 2307 1684 2333 quoque
1711 2299 1861 2324 dicendum
1887 2302 1939 2329 est,
1962 2306 2047 2331 quum
2072 2305 2148 2322 man-

1212 2335 1294 2361 datur
1315 2334 1460 2368 episcopo,
1483 2338 1513 2359 ut
1538 2342 1601 2359 curn
1622 2334 1711 2360 altero
1734 2341 1847 2359 suorum
1872 2332 2047 2358 coniudicum
2071 2340 2147 2356 man-

1212 2369 1309 2395 datum
1322 2368 1508 2403 apostolicum
1521 2372 1699 2402 exsequatur,
1713 2372 1741 2394 et
1758 2372 1822 2393 tunc
1836 2367 1894 2393 sine
1913 2366 2098 2399 subdelegato
2111 2366 2147 2390 ab

1211 2404 1273 2438 ipso
1287 2403 1420 2441 episcopo
1433 2403 1533 2436 reliqui
1548 2402 1603 2428 duo
1621 2402 1773 2437 procedere
1791 2410 1845 2427 non
1859 2401 1998 2427 valebunt.
2034 2399 2054 2434 ξ.
2078 2408 2097 2425 1.
2123 2401 2147 2425 Is

1211 2443 1315 2470 autem,
1329 2437 1371 2463 cui
1385 2437 1460 2463 miun
1484 2437 1547 2469 itur,
1560 2441 1590 2462 ut
1607 2437 1792 2471 personaliter
1809 2435 1953 2469 negotium
1971 2438 2148 2468 exsequatur,

1211 2477 1315 2507 potest,
1341 2472 1454 2497 dummo
1478 2480 1494 2497 o
1519 2476 1615 2505 partes
1641 2471 1825 2502 consentiant,
1847 2470 1899 2495 hoc
1923 2469 1983 2495 aliis
2006 2469 2146 2501 delegare,

1212 2512 1408 2541 praeterquam
1422 2506 1444 2531 si
1463 2506 1671 2539 inquisitionem
1685 2505 1753 2537 fieri,
1767 2505 1811 2530 vel
1829 2504 1953 2530 ecclesiis
1967 2503 2002 2528 dc
2015 2502 2146 2536 praelatis

1211 2542 1289 2567 vel3*
1310 2541 1373 2566 aliis
1394 2540 1528 2566 ministris
1551 2540 1690 2574 provideri
1712 2539 1908 2564 mandaremus
1919 2538 1934 2569 ¹,
1958 2545 2041 2570 quum
2060 2537 2086 2562 in
2104 2537 2147 2562 his

1211 2576 1340 2601 omnibus
1365 2575 1475 2600 casibus
1499 2574 1663 2600 industriam
1688 2579 1716 2600 et
1740 2573 1825 2599 fidem
1848 2580 1994 2606 personae,
2017 2571 2059 2596 cui
2082 2571 2147 2596 talia

1211 2610 1421 2642 committimus,
1439 2609 1544 2643 eligere
1562 2609 1715 2635 videamur.
1751 2607 1771 2641 ξ.
1787 2615 1810 2632 2.
1829 2608 1969 2637 Ceterum,
1983 2605 2059 2630 salva
2072 2605 2146 2638 lega-

1212 2649 1304 2670 torum
1325 2643 1402 2670 sedis
1424 2643 1597 2677 apostolicae
1615 2643 1789 2673 auctoritate,
1808 2641 1883 2671 nulli,
1901 2640 1943 2665 cui
1967 2639 2147 2664 commissum

1211 2679 1294 2705 fuerit
1322 2678 1485 2713 praedicare
1514 2686 1634 2710 crucem,
1664 2676 1903 2703 excommunicare
1927 2674 1971 2700 vel
1999 2673 2146 2700 absolvere

1210 2015 1283 2039 legato
1302 2014 1361 2033 sedis
1380 2013 1524 2037 apostolicae.

1210 2782 1230 2806 9)
1241 2782 1305 2801 add..⁶
1319 2784 1341 2802 et
1350 2782 1430 2801 inane:
1444 2780 1486 2801 FN.

1262 2808 1324 2832 Cap.
1339 2808 1439 2827 XXXIX.
1468 2808 1487 2832 1)
1500 2807 1607 2827 1227—34.
1620 2817 1641 2819 —
1653 2805 1748 2825 Pottluist
1766 2810 1799 2823 no.
1815 2804 1872 2822 2¹:354.

1210 2834 1270 2853 (Imm.
1281 2834 1328 2853 coll.
1339 2839 1357 2853 o.

1261 2860 1322 2884 (lap.
1338 2860 1384 2879 XL.
1413 2859 1432 2883 l)
1445 2860 1551 2878 1227—34.
1563 2869 1585 2872 —
1597 2857 1690 2876 Poulmst
1702 2861 1735 2874 ιιι),
1746 2856 1802 2874 9555.
1847 2854 1867 2873 2)
1878 2854 1949 2873 Petra
1964 2853 2043 2875 amir,-
2057 2855 2148 2874 Petrus:

1210 2885 1238 2906 F.-
1252 2886 1302 2904 Pe.:
1317 2885 1348 2906 N.-
1362 2886 1440 2904 Petro:
1455 2885 1484 2903 lat
1528 2886 1548 2906 3)
1560 2884 1711 2903 Lnudnnensa
1728 2880 1828 2899 mmm*
1855 2890 1857 2892 ·
1871 2879 1926 2898 Lame
1975 2881 1996 2899 -Η
2006 2886 2030 2899 so
2040 2880 2074 2899 in:
2089 2881 2146 2899 Coul.

1211 2911 1281 2930 Iiaeihm.
1326 2912 1346 2932 5)
1358 2912 1426 2930 iutra:
1442 2911 1467 2929 ib.
1521 2911 1540 2931 ὓ)
1551 2915 1659 2929 excomm.
1672 2909 1692 2926 in
1704 2912 1820 2931 personam
1832 2908 1853 2925 et
1863 2906 1943 2924 interd.
1954 2906 1976 2925 in
1987 2908 2068 2925 tori-iun
2079 2909 2149 2925 seut.:

1211 2936 1315 2956 FGHILN
1340 2937 1360 2957 7)
1370 2937 1409 2956 ei.:
1424 2936 1491 2955 ‹lei-sl:
1507 2935 1570 2956 FHH:
1584 2939 1657 2953 sunni:
1675 2933 1700 2952 M.

1263 2963 1324 2987 Cap.
1340 2963 1396 2981 xm.
1425 2962 1444 2982 i)
1456 2962 1563 2981 met—³4.
1576 2971 1597 2973 —
1610 2959 1702 2978 Potitius!
1715 2963 1749 2977 110.
1761 2958 1817 2977 955⁶.

1210 2988 1230 3012 3)
1242 2989 1311 3007 iutra:
1327 2989 1384 3007 Coni.
1396 2988 1466 3006 Bohm.

1263 3014 1324 3038 Cap.
1338 3014 1406 3033 XLII.
1436 3014 1454 3037 1)
1467 3012 1572 3032 1227--34,
1584 3022 1607 3025 -
1619 3009 1711 3029 Pommst
1721 3014 1755 3028 no.
1766 3010 1823 3028 9557.
1859 3009 1879 3032 2)
1890 3014 1929 3028 ex:
1944 3007 1973 3031 N;
1987 3008 2034 3028 vel:
2050 3008 2077 3028 Μ.

1263 3040 1325 3064 Cap.
1341 3040 1420 3058 XLIII.
1449 3040 1467 3059 1)
1480 3038 1588 3057 iezT—ui.
1599 3047 1622 3050 »-
1633 3035 1727 3053 Pammsr
1742 3040 1775 3053 no.
1786 3035 1843 3053 9558.
1921 3034 1942 3057 2’)
1952 3037 1986 3053 et:
2004 3034 2071 3054 derst:
2085 3034 2146 3055 Codd.

1211 3065 1256 3087 coll.
1268 3071 1286 3086 o.
1314 3065 1334 3090 3)
1345 3068 1394 3085 aut:
1409 3063 1535 3085 FGIIILMN
1566 3063 1585 3087 i)
1597 3061 1738 3081 mandemus:
1752 3059 1832 3080 Fffls:
1847 3060 1988 3081 mandamus:
2004 3060 2048 3081 GM.

1814 3094 1868 3120 112*

1956 2802 1976 2825 2)
1987 2808 2057 2822 caum:
2080 2802 2148 2822 deest.-

1875 2957 1895 2981 2)
1906 2957 2048 2976 vicesimum:
2063 2956 2150 2976 Folius
