2243 3288
166 178 227 204 XLI

167 256 289 285 dianum
317 255 542 283 emendandum
567 264 664 292 neque
698 254 768 283 illae
801 263 898 291 neque
923 263 1000 291 quae
1024 255 1103 282 XVI.

166 298 285 327 saeculo
308 298 485 326 subsecutae
509 303 576 326 sunt
604 297 693 325 ullius
717 303 785 325 sunt
817 297 969 325 momenti.
1017 298 1104 325 Corn-

166 340 361 369 memoranda
398 346 501 368 tamen
533 345 577 368 est
610 339 703 368 editio
732 350 749 368 a
786 339 885 368 Contio
922 345 1104 377 comparata,

164 383 215 420 qui
234 383 264 411 in
283 383 420 420 Gregorii
440 383 606 411 decretales
625 392 661 411 ea
680 392 718 410 ex
739 382 1010 419 Compilationibus
1029 382 1103 410 anti-

164 425 231 462 quis
254 430 396 462 excerpta
426 425 555 454 inserere
583 430 706 454 conatus
734 430 779 453 est
806 434 884 462 quae
907 425 1104 462 Raymundus

163 468 312 496 omiserat.
346 468 406 497 Sed
425 478 525 505 quum,
544 474 575 496 ut
594 468 716 496 Antonii
735 467 895 505 Augustini
913 468 1012 496 verbis
1030 473 1104 501 utar,
1121 482 1122 490 1

163 511 311 548 permulta
344 517 393 539 aut
426 511 530 540 dedita
562 520 652 548 opera
686 516 736 539 aut
768 510 827 539 alia
860 519 1038 548 quacunque
1066 511 1104 539 de

164 563 254 582 causa
278 553 422 588 omiserit,
447 563 525 591 quae
549 563 607 582 non
631 553 729 582 minus
752 553 837 581 utilia
862 559 929 581 sunt
953 563 1042 590 quam
1067 562 1122 581 ear

164 605 242 633 quae
270 596 491 631 adscribuntur,
523 606 615 634 quum
644 596 775 633 denique
808 596 901 633 ipsius
932 602 1033 624 textus
1062 596 1103 624 in-

164 639 364 667 numerabilia
387 639 517 677 priorum
541 639 707 668 editionum
731 639 841 667 menda
861 648 919 667 non
943 639 1015 667 satis
1034 644 1103 676 apte

164 682 311 719 castigare
339 688 462 710 conatus
489 682 534 716 sit,
563 682 727 710 editionem
757 681 936 711 Contianam
960 691 1018 710 non
1042 691 1103 710 ma-

163 734 224 762 gna
260 725 363 752 efferre
404 725 494 754 laude
531 724 616 753 nobis
651 725 763 762 placet,
804 725 858 753 sed
894 734 950 752 nec
990 724 1102 753 maiore

164 768 309 795 editionem
333 767 491 796 Romanam
514 777 605 804 quam
630 776 673 796 ao.
698 768 784 804 1584.
808 768 889 804 Papa
912 767 1102 795 Franciscum

163 810 292 838 Pennam
316 815 346 838 et
368 809 485 839 St'xt‘um
510 811 641 838 Fabrum
665 820 768 838 curare
798 810 930 838 iusserat.
972 810 1102 838 Romani

164 852 246 880 enim
282 853 412 881 editores
440 862 498 881 non
530 862 566 881 ea
603 862 680 890 quae
723 853 763 882 ad
793 858 909 881 tantum
947 863 1020 890 opus
1052 854 1101 881 ab·

165 895 341 924 solvendum
384 895 549 924 suffecisset
584 895 751 924 litterarum
793 896 917 924 scientia
955 896 1102 930 instructi,

164 937 195 966 in
240 947 352 967 errores
397 938 579 973 inciderunt,
621 948 694 976 quos
739 938 866 976 quisque
906 938 963 967 nisi
1004 948 1102 967 rerum

161 986 313 1018 gestarum
350 981 493 1010 scientiae
529 981 651 1009 omnino
687 991 795 1019 expers
831 987 921 1018 atque
957 987 1103 1010 terrarum

163 1023 342 1061 urbiumque
383 1024 505 1052 nomina
545 1025 635 1062 plane
676 1024 816 1062 ignorans
856 1024 949 1052 vitare
990 1024 1102 1058 debuit,

163 1066 215 1103 qui
242 1067 415 1104 Raymundi
446 1072 571 1104 peccata
603 1068 782 1102 servarunffl,
815 1077 868 1095 sua
900 1067 1019 1105 propria
1052 1068 1103 1096 ad-

163 1109 330 1144 diderunt-2
363 1119 460 1147 neque
483 1111 631 1147 Paparum
656 1110 795 1139 adierunt
822 1110 973 1148 registra³‚
1005 1119 1102 1147 neque

163 1152 409 1189 compilationum
429 1153 620 1190 antiquarum
639 1153 755 1187 libros&
780 1162 877 1190 neque
901 1153 1032 1190 denique
1057 1162 1103 1181 co-

163 1194 247 1224 dices
261 1196 480 1233 manuscriptos
494 1196 748 1234 Gregorianarum
763 1196 960 1225 decretalium
980 1196 1104 1224 idoneos

163 1237 391 1267 adhibuerunt-⁵.
414 1240 454 1267 At
470 1238 499 1267 in
515 1239 650 1276 margine
661 1239 850 1276 quai-undum
865 1239 1051 1276 paginarum,
1066 1248 1103 1266 ne

163 1280 196 1310 id
214 1281 395 1316 omittamus,
410 1287 495 1310 notas
510 1282 659 1319 quasdam
673 1287 842 1319 posuerunt,
858 1282 938 1319 quod
953 1291 1004 1310 cur
1020 1281 1103 1309 fecis-

163 1329 229 1352 sent
252 1323 313 1352 iam
335 1325 482 1353 Antonius
509 1325 693 1362 Augustinus
720 1325 887 1362 intelligere
915 1334 973 1353 non
1001 1324 1103 1361 quivit,

163 1366 215 1403 qui
256 1376 334 1404 quae
373 1368 571 1404 Raymundus
612 1367 768 1396 innumera
809 1367 910 1395 omisit
949 1376 1102 1404 nunquam

162 1409 367 1444 restituerunt,
395 1419 473 1447 quae
501 1411 582 1447 apud
612 1411 695 1438 illum
722 1411 900 1448 legebantur
927 1409 1103 1447 saepissime

162 1452 333 1481 omiserunt.
396 1453 456 1482 Sed
493 1454 628 1490 quamvis
668 1458 769 1482 textus
808 1462 948 1481 romanus
984 1452 1103 1481 mendis

163 1495 370 1529 abundaverit,
389 1496 526 1534 Gregorii
541 1497 620 1524 XIII.
639 1496 726 1524 Brevi
745 1496 776 1524 in
794 1497 814 1524 1.
830 1502 948 1524 nostrae
962 1495 1103 1524 editionis

163 1544 244 1566 tomo
263 1538 408 1575 impresso
426 1548 479 1576 pro
499 1539 670 1567 authentico
690 1539 859 1567 declaratus
878 1543 929 1573 est,
953 1538 1004 1575 qui
1024 1539 1102 1567 solus

163 1580 193 1609 in
212 1581 361 1609 catholica
380 1581 508 1610 ecclesia
526 1581 587 1610 vim
605 1581 753 1610 obtineret
772 1581 854 1619 legis.

224 1663 248 1681 2.
284 1656 334 1682 De
353 1657 445 1682 Iusto
465 1656 658 1690 Henningio
677 1657 822 1682 Bohmer
840 1660 873 1682 et
891 1655 1040 1682 Aemilio

462 1699 634 1724 Ludovico
654 1699 804 1725 Richter.

220 1752 418 1781 Posterior-um
429 1752 595 1781 editionum
606 1753 684 1781 duae
694 1758 809 1781 tantum
821 1753 1103 1781 commemorandae

162 1795 301 1824 videntur
319 1804 397 1830 esse,
421 1805 547 1832 quarum
567 1796 661 1824 altera
679 1796 870 1824 Pithoeorum
890 1796 1014 1824 fratrum
1033 1805 1104 1824 cura

162 1838 285 1875 paratass
325 1844 440 1866 textum
482 1844 571 1876 atque
613 1839 820 1876 inscriptiones
860 1838 992 1876 corrigit,
1037 1839 1103 1867 sul)-

162 1881 338 1918 scriptiones
365 1882 513 1918 quasdam
541 1881 638 1916 addit,
668 1882 827 1919 Contiique
859 1881 1104 1919 interpolationes

164 1924 195 1952 in
218 1923 294 1952 notis
322 1924 416 1959 addit,
444 1925 537 1952 altera
561 1925 634 1953 Iusti
656 1924 823 1962 Henningii
846 1925 979 1953 Bohmer
1005 1925 1103 1953 erudi-

161 1966 236 1995 tioni
265 1967 399 1995 debetur.
446 1968 474 1995 Is
502 1977 580 2004 quae
608 1967 639 1996 in
664 1973 750 1996 textu
778 1967 988 1996 desiderantur
1016 1968 1103 1996 Com-

164 2009 342 2047 pilationum
383 2009 573 2047 antiquarum
610 2010 724 2038 auxilio
760 2011 897 2048 suppleta
939 2010 969 2038 in
1005 2010 1102 2048 ipsum

164 2058 280 2081 textum
300 2052 436 2086 inseruit,
456 2053 496 2081 ita
520 2058 622 2082 tamen
640 2063 678 2081 ne
697 2063 765 2081 cum
784 2053 1018 2090 Raymundiano
1036 2063 1103 2081 con-

165 2096 360 2124 funderentur
374 2104 490 2129 cavens,
500 2102 532 2124 ut
542 2096 787 2133 compilationum
797 2097 887 2124 verba
905 2096 1013 2124 italicis
1028 2106 1102 2133 quos

164 2144 271 2167 vocant
296 2138 397 2167 formis
425 2138 623 2176 exprimenda
643 2144 759 2167 curaret
782 2138 927 2176 uncisque
946 2139 1102 2176 quadratis

217 2230 236 2250 11
252 2236 271 2249 c.
282 2231 300 2249 2.
316 2232 343 2253 [1.
355 2230 394 2249 10.l
410 2230 481 2254 legit:
497 2231 653 2250 Loudoueusis
668 2237 709 2255 ep„
724 2237 791 2256 quum
805 2233 881 2250 tamen
895 2231 954 2255 regis
964 2231 1102 2251 Waldemnri

164 2257 249 2276 mentio
264 2256 308 2279 fiat,
324 2260 389 2280 atque
400 2257 526 2275 Lundensis
541 2257 584 2280 legi
595 2260 702 2281 oporteat,
713 2263 732 2276 c.
743 2259 774 2277 16.
785 2259 812 2281 11,
823 2258 865 2277 339»
876 2258 1006 2276 Firmiensis
1018 2263 1052 2281 ep.
1062 2264 1102 2282 pro

164 2282 292 2305 &uniens-3
310 2288 328 2301 c.
341 2284 370 2301 11.
382 2284 409 2305 102,
425 2282 465 2301 :2331
483 2292 504 2295 —
521 2283 547 2301 ct‘.
562 2283 592 2301 ib.
609 2285 653 2301 uut.
664 2284 696 2302 23.
711 2294 735 2297 -—
752 2282 832 2305 Verum,
851 2283 889 2302 ubi
909 2283 964 2302 uude·
983 2284 1101 2307 legendum

165 2309 207 2327 fuit
216 2310 258 2327 etc.
269 2310 311 2327 etc.
323 2308 350 2326 cf.
361 2314 427 2331 supra
438 2314 457 2331 p.
468 2308 570 2327 xxxin.

216 2333 236 2352 2¹·
252 2340 270 2352 c.
280 2335 300 2353 4.
312 2333 387 2357 111891
398 2340 425 2352 ex
436 2334 460 2353 (¹.
471 2340 505 2357 ap.
516 2334 629 2357 Antiochi,
645 2335 683 2353 uhi
697 2340 732 2358 np.
743 2335 822 2359 Raym.
834 2336 893 2353 recte
909 2334 989 2358 legitur
998 2333 1103 2356 Amicum,

166 2362 197 2379 151.
208 2361 236 2383 15.
247 2360 287 2379 33Λ
302 2365 336 2383 ep.
351 2359 460 2380 Elidensi.
479 2360 518 2378 ubi
533 2360 555 2378 iu
571 2360 636 2378 bonis
650 2360 719 2379 Codd.
735 2363 806 2379 recte:
826 2359 918 2383 elyensi,
938 2366 956 2379 c.
973 2363 990 2379 1.
1006 2362 1034 2384 ¹3,
1048 2360 1102 2380 26³:

165 2386 287 2409 Gregorius
297 2386 343 2408 lx„
354 2386 391 2404 uhi
403 2385 472 2405 Cudd.
484 2388 543 2404 recte
555 2386 635 2409 Greffor.
647 2386 663 2404 Ι.
675 2386 763 2408 habeut,
776 2391 794 2405 c.
806 2388 823 2405 1.
836 2387 862 2409 Α,
871 2385 900 2405 9.1
915 2386 1103 2410 Saucteburgeusi

165 2411 340 2435 archiepiscopo,
348 2412 410 2430 cuius
421 2417 503 2430 nomen
514 2411 716 2435 archiepiscopatus
726 2417 739 2430 a
749 2412 856 2430 Romanis
866 2411 989 2431 editoribus
999 2413 1103 2431 inventus

164 2440 205 2459 est.
216 2443 284 2461 quum
294 2437 439 2461 Raymundus
450 2437 563 2460 scripserit
573 2439 644 2455 rei-te:
654 2437 818 2461 Sulcebmycnsi,
830 2438 886 2456 (1.22.
898 2439 924 2460 tl,
935 2438 976 2456 29³
988 2438 1103 2461 Cephadu-

166 2463 224 2482 lensi
239 2468 277 2486 pro
292 2463 464 2487 Rayinundiano
475 2462 631 2487 Ceplmlmlrusi.
648 2468 666 2481 c.
678 2464 708 2482 16.
720 2465 747 2486 11,
758 2463 799 2482 ΕΘΛ
810 2463 952 2482 Furoliuensi
962 2473 987 2476 —-
997 2464 1055 2487 quod
1065 2464 1103 2482 nbi

165 2489 231 2507 situm
242 2490 307 2511 esset,
315 2489 438 2508 editoribus
449 2489 556 2507 Romanis
567 2494 611 2507 non
621 2489 749 2512 ambiguum
759 2489 801 2507 fuit
810 2499 834 2502 —
845 2494 883 2512 pro
894 2488 1038 2511 Foroiuliensi,
1044 2490 1103 2513 quod

165 2515 245 2539 Raym.
260 2514 333 2537 habet,
350 2516 410 2533 6.·10.
426 2516 453 2537 (1,
469 2514 510 2537 29.)
527 2515 671 2533 Lon-lonensi
690 2520 729 2538 pro
744 2514 887 2536 Ltmdmimse‘,
903 2520 921 2533 c.
932 2516 1002 2539 3111,
1013 2515 1042 2538 6.)
1052 2515 1104 2534 duci

165 2540 285 2563 (turingiae
303 2546 343 2564 pro
361 2540 478 2563 Zarmqme.
493 2546 511 2558 c.
527 2541 545 2559 5.
562 2541 588 2560 15.
603 2539 643 2559 25?st
664 2540 805 2559 nidrosiensi
824 2546 863 2564 pro
882 2539 1018 2561 Xidrosrknsn'.
1038 2546 1057 2560 c.
1066 2542 1103 2560 v10.

165 2566 252 2589 15,323.‘r:
266 2566 386 2585 Valentino
397 2572 436 2589 pro
451 2566 576 2586 Paleutino.
593 2572 612 2584 c.
623 2567 655 2585 3⁸.
667 2567 693 2588 -ῦ,
705 2565 745 2584 39Λ
757 2566 905 2589 strigoniensi
917 2572 955 2590 pro
967 2566 1103 2588 Xu'drosiensi.

166 2593 223 2611 c.39.
235 2591 308 2615 μ’),δξὶῶ
315 2592 472 2611 Assuutinensi
482 2597 521 2615 pro
532 2591 652 2611 Assia-inuti.
663 2592 957 2616 c.1³.=„5,37.jv1tegistrunsis
967 2597 1006 2616 pro
1013 2591 1102 2616 Rayisle-

166 2618 239 2637 tensis.
251 2620 292 2636 etc.
303 2620 345 2636 etc.

217 2644 237 2663 31
252 2650 271 2662 c.
282 2644 313 2662 14.
324 2644 352 2666 14.
362 2642 390 2662 23)
401 2649 420 2662 c.
432 2644 462 2662 12.
474 2645 501 2665 »1,
511 2642 549 2661 33.“
565 2643 587 2661 in
599 2643 692 2665 registro
703 2643 790 2666 legitur.
814 2643 1016 2665 Halberstadensis.
1028 2644 1051 2662 iu
1062 2644 1103 2662 Ed.

166 2670 231 2688 Rom.
242 2675 291 2688 cum
302 2669 446 2693 Raymumio:
462 2669 596 2688 Abbatensis
612 2670 633 2687 et
643 2668 786 2691 Abradensis,
803 2674 822 2687 c.
836 2669 868 2688 Ξῖ.
883 2671 910 2692 11,
920 2669 947 2687 3st
963 2675 996 2693 ep.
1007 2670 1104 2689 Vei-atis-

165 2695 248 2714 mensis
259 2701 298 2718 pro
308 2695 476 2714 Vrntislaviens.
487 2697 577 2713 ennete.

217 2720 237 2739 *tl
253 2722 312 2743 Quas
327 2721 344 2739 si
360 2721 518 2744 inspexissent,
533 2720 580 2739 ricri
596 2726 640 2739 non
655 2720 733 2743 potnit,
747 2721 771 2738 ut
781 2721 837 2738 (nm.
844 2721 871 2743 k3v
878 2718 917 2738 1οΛ
928 2720 1059 2739 Innocentio
1066 2720 1103 2739 III.

165 2747 321 2767 attribuerent.
332 2752 399 2770 quum
410 2747 432 2765 in
444 2746 521 2770 comp.
533 2746 558 2765 V.
569 2748 641 2765 exstet
655 2748 720 2769 atque
735 2746 829 2764 Honorii
840 2746 878 2764 111.
894 2746 928 2767 sit.
944 2751 963 2764 e.
974 2747 1004 2765 15.
1030 2748 1048 2769 1,
1063 2746 1103 2764 113

167 2772 267 2791 Honorio
279 2772 325 2795 111.,
339 2777 406 2795 quum
423 2773 444 2790 in
457 2772 550 2796 Cmupil.
563 2772 600 2790 111.
615 2772 747 2791 inveniatur.
763 2773 815 2790 ante
830 2771 924 2790 Honorii
939 2773 1040 2795 tempora
1053 2777 1104 2790 cou—

167 2798 236 2819 secta,
260 2804 278 2816 c.
303 2799 320 2816 1.
345 2798 372 2821 13,
392 2797 432 2817 26.1
456 2798 566 2821 Gregorio
591 2798 633 2817 lx..
657 2802 723 2820 quum
748 2797 918 2820 Cmnpilstionis
941 2797 957 2815 1.
981 2799 1046 2821 caput
1068 2797 1103 2819 sit,

166 2824 312 2847 Gregoriitx.
323 2828 420 2842 canones
431 2829 543 2847 nunquam
554 2829 566 2842 a
577 2823 709 2847 Raymundo
720 2823 742 2841 iu
754 2823 818 2841 initio
829 2822 888 2841 tituli
902 2822 968 2846 positi
978 2823 1030 2846 sint,
1041 2823 1104 2847 isque

167 2850 214 2873 ipse
225 2850 318 2873 (iregor.
328 2849 344 2868 1.
356 2851 416 2868 recte
426 2849 546 2873 scripserit.

218 2874 238 2893 55
254 2875 287 2893 Cf.
297 2874 525 2899 c.3.(1‚;’3.5Gregoi-.
537 2875 583 2898 111„
594 2875 616 2894 in
629 2874 710 2893 vodda
721 2874 814 2897 Gregor.
826 2872 874 2892 i'i.e.
885 2872 920 2895 1).
931 2873 1104 2898 ε.3.(·.»,3.1οιιιι.

168 2900 292 2919 ('ulmcus.:
304 2900 386 2919 eodm:
398 2901 520 2925 Ciiigieusi,
531 2902 574 2919 c.-t.
590 2903 612 2923 ,1,
620 2900 659 2919 1851
667 2900 735 2919 eone.
746 2905 781 2923 ap.
792 2899 894 2918 anochi:
905 2899 986 2918 enada
1000 2900 1104 2919 Altheum

168 2929 210 2945 etc.
222 2928 263 2945 cte.
275 2926 302 2945 εἴ.
312 2932 378 2950 supra
389 2928 434 2945 not.
445 2928 464 2944 2.

218 2951 238 2971 GN
254 2953 342 2971 Deerat.
352 2952 455 2975 Gregorii
466 2951 535 2970 P.1x.
546 2957 559 2970 a
569 2952 636 2970 Petro
647 2953 668 2969 ot
679 2951 799 2969 Franciscu
810 2950 913 2969 Pitthoeo
924 2950 939 2968 1.
947 2950 971 2969 C.
982 2951 1009 2969 ad
1019 2953 1107 2970 veteres

167 2978 330 3001 manuscriptos
350 2977 444 2996 Codices
463 2978 578 2996 restitutae
597 2980 618 2995 et
637 2978 695 2996 nutis
715 2976 838 2995 illustratae
858 2981 885 2994 ex
905 2975 958 2995 bibl.
978 2976 1011 2995 Ill.
1031 2977 1058 2995 D.
1078 2977 1107 2996 D.

167 3002 255 3022 Claudii
266 3003 296 3022 Le
306 3003 413 3022 Pellctier
423 3003 493 3022 Paris.
506 3004 561 3022 1155?-
572 3003 609 3022 fol.

665 176 717 201 DE
736 176 815 201 MEA
834 175 1012 201 EDITIONE
1031 175 1303 202 DECRETALIUM
1323 177 1502 203 GREGORII
1520 177 1566 203 IX.

2007 179 2082 206 XLII

1141 254 1314 284 includeret.
1363 257 1521 284 Praeterea
1549 255 1668 284 codices
1701 255 1831 293 inspexit
1858 258 1991 286 Bohmer
2018 268 2079 287 ma-

1140 298 1305 335 nuscriptos
1328 304 1462 335 quatuor,
1485 299 1560 327 duos
1592 299 1621 326 in
1646 298 1835 327 Bibliotheca
1862 300 1944 337 regia
1969 302 2079 329 Beroli-

1140 341 1224 369 nensi
1266 347 1442 376 asservatos,
1487 351 1612 378 quorum
1649 342 1735 376 alter,
1780 342 1851 370 olim
1888 343 2003 371 Alberti
2041 344 2078 372 de

1140 383 1293 418 Amstede‚
1321 385 1472 412 Bohmero
1490 385 1568 412 XIII.
1593 384 1725 419 saeculo,
1754 385 1829 412 alter
1852 386 1929 413 XIV.
1953 386 2079 423 scriptus

1140 435 1205 454 esse
1224 426 1304 454 visus
1323 432 1375 461 est,
1394 427 1513 455 tertium
1529 427 1838 456 Hasso-Casselanum
1857 429 1936 456 XIII.
1956 429 2077 463 saeculi,

1140 474 1278 505 quartum
1301 470 1467 507 Ludewigii
1496 470 1669 498 cancellarii
1688 470 1740 507 qui
1767 480 1811 498 ao.
1841 479 1927 507 1340.
1952 471 2079 508 scriptus

1140 518 1191 539 est.
1236 512 1342 548 Neque
1361 512 1433 541 satis
1452 513 1558 541 habuit
1582 513 1797 541 illustrissimus
1819 513 1863 541 vir
1881 513 1979 542 varias
1998 514 2078 542 codi-

1140 563 1206 582 cum
1235 555 1395 592 scripturas
1423 555 1453 583 in
1482 555 1674 584 adnotatione
1707 555 1810 584 critica
1838 565 2000 593 apponere,
2025 557 2076 585 sed

1138 602 1254 625 textum
1270 597 1366 634 ipsum
1378 607 1522 635 persaepe
1534 598 1690 636 castigavit
1704 608 1918 636 nonnunquam
1933 599 2079 630 audacius

1139 649 1230 676 quam
1251 640 1373 668 felicius.

1203 683 1437 711 Bo'hmerianam
1465 683 1602 720 proxime
1630 689 1732 712 secuta
1760 691 1804 712 est
1831 684 1925 713 editio
1952 684 2075 712 Aemilii

1119 749 1121 753 ,
1138 725 1282 754 Ludovici
1301 726 1425 754 Richter
1444 734 1521 762 quae
1539 725 1661 762 Lipsiae
1686 727 1771 763 1839.
1790 727 1910 764 prodiit.

1201 768 1326 796 Richter
1364 768 1524 796 Boehmeri
1561 769 1733 805 exemplum
1768 769 1797 797 in
1833 769 1948 798 lacunis
1978 775 2079 798 textus

1138 811 1362 848 Raymundiani
1390 810 1550 848 explendis
1578 817 1695 839 secutus
1723 817 1774 845 est,
1799 821 1835 840 ea
1863 818 1965 840 tamen
1992 812 2023 840 in
2046 822 2078 841 re

1138 860 1357 882 antecessorem
1380 853 1542 891 superavit,
1570 854 1651 890 quod
1669 863 1727 881 non
1747 855 1841 882 solum
1862 855 2077 884 Collectionem

1138 896 1326 934 Lipsiensem
1346 906 1506 931 canonum,
1531 905 1621 933 quam
1641 896 1704 933 ipse
1725 897 1892 931 detexerat,
1913 898 1966 926 sed
1985 898 2077 926 etiam

1138 939 1261 976 quaevis
1293 949 1331 968 ex
1363 949 1510 977 paparum
1542 938 1667 976 registro
1699 939 1844 976 impressa
1877 946 1987 974 essent,
2019 942 2078 978 Ap-

1137 982 1298 1019 pendicem
1318 982 1447 1011 Concilii
1463 981 1687 1016 LateranensiS,
1708 982 1923 1010 Collectionem
1944 984 2079 1011 Cassela-

1139 1035 1217 1059 nam,
1238 1025 1463 1059 Collectionem,
1483 1034 1574 1061 quam
1592 1024 1727 1052 Mansius
1747 1024 1885 1053 ediderat
1902 1026 2078 1060 Lucensem,

1138 1068 1274 1096 Rainerii
1301 1067 1491 1105 Pomposiani
1519 1067 1726 1095 collectionem
1755 1067 1901 1096 adhibuit.
1961 1068 2078 1104 Quibus

1139 1110 1260 1139 auxiliis
1280 1110 1392 1138 factum
1407 1115 1459 1144 est,
1474 1115 1506 1138 ut
1520 1119 1579 1138 non
1594 1110 1689 1138 solum
1704 1110 1865 1138 multarum
1881 1111 2077 1139 decretalium

1138 1159 1216 1182 totus
1238 1158 1339 1181 textus
1364 1153 1467 1181 lectori
1491 1159 1560 1180 ante
1585 1153 1703 1181 occulos
1721 1153 1792 1190 poni
1815 1158 1927 1190 posset,
1960 1154 2014 1182 sed
2038 1154 2078 1181 in-

1139 1196 1314 1233 scriptiones
1342 1204 1460 1232 quoque
1488 1205 1701 1232 nonnunquam
1730 1196 1849 1224 mendis
1872 1202 2077 1233 purgarentur,

1139 1238 1431 1276 subscriptionesque
1455 1238 1645 1267 adderentur.
1692 1239 1820 1267 Codices
1847 1244 1949 1267 tamen
1976 1248 2079 1267 manu-

1139 1281 1264 1318 scriptos
1292 1281 1496 1319 Gregorianae
1525 1281 1746 1318 compilationis
1778 1291 1837 1310 non
1865 1281 1928 1319 ipse
1957 1282 2080 1310 contulit

1138 1324 1270 1359 Richter,
1299 1324 1353 1352 sed
1384 1324 1528 1352 Bohmeri
1558 1324 1656 1352 varias
1684 1324 1828 1353 lectiones
1860 1324 1891 1352 in
1922 1334 2007 1353 suam
2035 1334 2078 1353 re-

1138 1367 1238 1404 cipere
1261 1366 1426 1396 editionem
1455 1367 1526 1395 satis
1554 1367 1660 1395 habuit
1690 1372 1867 1404 textumque
1892 1377 1909 1396 a
1933 1367 2080 1396 Romanis

1138 1410 1303 1438 editoribus
1323 1410 1515 1438 constitutum
1533 1415 1676 1447 repetere.

1419 1518 1443 1543 3.
1479 1511 1528 1536 De
1547 1518 1620 1536 mea
1639 1510 1799 1536 editione.

1204 1571 1322 1608 Quibus
1342 1572 1486 1600 absolutis
1505 1572 1566 1600 iam
1585 1577 1679 1600 restat
1696 1578 1728 1600 ut
1747 1572 1785 1600 de
1804 1572 1918 1600 ratione
1938 1582 2028 1609 quam
2049 1572 2080 1600 in

1139 1615 1259 1644 edenda
1278 1615 1465 1653 Gregoriana
1485 1615 1681 1644 decretalium
1705 1614 1916 1652 compilatione
1936 1615 2079 1652 equidem

1139 1664 1257 1686 secutus
1276 1658 1332 1686 sim
1353 1658 1520 1686 accuratius
1540 1658 1694 1686 disseram.

1201 1702 1316 1729 Textus
1352 1710 1439 1729 meae
1476 1700 1616 1730 editionis
1654 1701 1735 1729 idem
1773 1710 1809 1729 ac
1839 1701 1994 1729 Romanae
2026 1706 2079 1735 est,

1139 1753 1229 1781 quem
1253 1744 1396 1781 quoniam
1419 1744 1494 1782 legis
1514 1743 1721 1772 auctoritatem
1744 1743 1859 1772 obtinet
1882 1749 1996 1772 mutare
2020 1753 2080 1772 non

1139 1796 1228 1815 ausus
1248 1796 1321 1815 sum.

1202 1830 1244 1859 Ut
1271 1830 1435 1868 genuinum
1461 1829 1635 1867 Raymundi
1663 1839 1737 1867 opus
1765 1834 1834 1858 ante
1862 1829 1962 1858 oculos
1989 1839 2080 1866 pone-

1138 1878 1218 1901 retur
1236 1873 1337 1901 collati
1357 1878 1423 1901 sunt
1441 1873 1646 1901 Decretalium
1665 1872 1797 1901 codices:

1208 1925 1230 1944 1.
1256 1916 1329 1945 Cod.
1358 1916 1407 1944 lat.
1435 1916 1551 1944 Monac.
1584 1924 1692 1952 14011.
1721 1914 1804 1953 (olim
1832 1915 1871 1943 St.
1894 1915 2077 1943 Emmeram.

1138 1958 1366 1996 Ratisponensis
1384 1967 1430 1987 no.
1450 1968 1459 1986 1
1472 1958 1506 1997 1.)
1525 1967 1643 1987 summa
1662 1967 1729 1986 cum
1745 1957 1904 1996 diligentia
1918 1958 2078 1992 confectus,

1139 2001 1381 2040 imaginibusque
1405 2001 1436 2029 in
1459 2001 1642 2039 singulorum
1666 2001 1808 2030 librorum
1832 2000 1925 2029 initiis
1948 2006 2077 2035 ornatus,

1138 2054 1215 2082 quae
1258 2054 1400 2082 magnam
1442 2044 1513 2072 artis
1551 2044 1683 2081 speciem
1719 2053 1791 2081 prae
1823 2053 1854 2072 se
1892 2044 1996 2072 ferunt.
2049 2044 2077 2071 Is

1137 2087 1263 2125 scriptus
1282 2087 1358 2115 mihi
1378 2096 1442 2115 esse
1461 2087 1579 2116 videtur
1598 2096 1674 2115 saec.
1689 2087 1768 2115 XIII.
1788 2092 1916 2115 exeunte
1938 2086 1966 2114 in
1981 2086 2077 2114 Italia.

1137 2131 1171 2158 In
1198 2130 1295 2168 prima
1322 2130 1434 2168 pagina
1458 2130 1559 2168 imago
1582 2135 1680 2158 exstat
1708 2129 1817 2167 equitis
1841 2129 1871 2157 in
1894 2129 1978 2167 nigro
2001 2138 2077 2166 equo

1138 2173 1278 2207 sedentis,
1298 2173 1386 2211 longa
1406 2174 1545 2201 caerulea
1563 2173 1665 2201 tunica
1684 2172 1823 2201 interiore
1842 2172 1952 2206 vestiti,
1972 2172 2077 2209 caligis

1137 2216 1246 2251 rubris,
1279 2226 1375 2253 cappa
1408 2216 1494 2254 nigra
1522 2215 1632 2251 induti,
1662 2216 1788 2244 dextera
1815 2225 1906 2243 manu
1933 2215 2075 2243 vexillum

1137 2259 1279 2293 tenentis,
1316 2259 1438 2287 rubrum
1470 2258 1604 2296 bilingue
1637 2258 1815 2296 signumque
1847 2257 1954 2291 crucis,
1986 2267 2076 2294 quam

1137 2302 1357 2330 Iohanniticam
1382 2301 1472 2330 hodie
1495 2307 1610 2336 vocant,
1639 2302 1744 2329 serens.
1790 2301 1885 2338 Supra
1914 2300 2075 2337 imaginem

1138 2345 1240 2379 altera,
1261 2345 1384 2373 fortasse
1403 2344 1578 2379 miniatoris,
1598 2353 1689 2372 manu
1708 2343 1850 2381 scriptum
1870 2343 1988 2381 legitur:
2013 2342 2075 2370 Min

1138 2387 1184 2416 Sir
1210 2388 1365 2416 Thomazu
1393 2387 1455 2416 deli
1483 2387 1598 2416 Galuzi.
1649 2387 1741 2416 Cuius
1769 2386 1897 2415 nominis
1924 2386 2016 2413 virum
2046 2385 2075 2412 in

1137 2440 1236 2458 rerum
1259 2436 1410 2468 gestarum
1434 2430 1634 2458 monumentis
1657 2429 1783 2458 inveniri
1802 2439 1859 2457 non
1880 2429 1969 2456 licuit.
2015 2427 2075 2455 Sed

1139 2474 1262 2502 sortasse
1280 2474 1417 2501 Thomae
1437 2473 1468 2501 di
1487 2473 1594 2501 Saluzo
1613 2473 1712 2510 imago
1732 2472 1798 2507 suit,
1818 2472 1867 2508 qui
1889 2471 1964 2499 inter
1983 2480 2075 2498 annos·

1143 2525 1222 2553 1244
1265 2522 1294 2544 et
1330 2516 1378 2553 96.
1417 2515 1504 2550 vixit,
1545 2525 1604 2553 quo
1638 2521 1772 2553 tempore
1813 2515 1908 2542 codex
1951 2512 2076 2549 scriptus

1138 2568 1203 2587 esse
1230 2558 1355 2587 videtur.
1408 2559 1534 2593 „AliaeT
1567 2558 1682 2596 effigies
1709 2558 1755 2586 vel
1784 2558 1944 2585 arabescac
1975 2565 2075 2592 penna

1138 2601 1303 2630 bellissime
1340 2601 1515 2639 designatae
1552 2607 1697 2630 exornant
1739 2600 1787 2628 hic
1823 2599 1883 2627 illic
1920 2598 2075 2626 intervalla

1138 2645 1317 2683 glossarum,
1340 2645 1474 2673 maxime
1497 2645 1536 2672 ab
1559 2644 1694 2681 margine
1719 2642 1867 2671 inferiore:
1896 2641 1938 2668 uti
1963 2641 1979 2668 f.
2006 2649 2074 2677 270.

1139 2687 1331 2716 simulacrum
1356 2687 1486 2716 feminae
1509 2686 1776 2723 circumscriptum:
1806 2685 1861 2712 ista
1885 2689 1929 2711 cst
1952 2683 2075 2712 domina

1136 2734 1191 2758 ἦῆ.
1214 2730 1322 2768 henig,
1347 2731 1364 2758 s.
1390 2738 1458 2767 271.
1481 2730 1577 2758 bestia
1605 2729 1741 2757 cuculata
1769 2725 1947 2763 aenigmatis
1975 2725 2076 2761 instar,

1140 2773 1256 2802 addito:
1286 2773 1322 2801 ist
1345 2773 1402 2801 daz
1425 2779 1507 2810 guot.
1532 2773 1587 2801 daz
1612 2772 1646 2799 ist
1667 2771 1723 2798 mir
1741 2769 1826 2806 liep.⁷'
1872 2769 1978 2797 Glossa
1998 2769 2075 2797 ordi-

1139 2815 1223 2844 naria
1263 2825 1354 2844 manu
1394 2815 1564 2853 posterioris
1604 2813 1710 2842 aetatis
1751 2811 1854 2840 addita
1895 2817 1947 2840 est.
2008 2812 2076 2840 Post

1139 2858 1277 2896 Gregorii
1304 2859 1353 2887 IX.
1383 2858 1561 2891 decretales,
1593 2861 1723 2884 exstant:
1755 2853 1920 2882 Innocentii
1947 2855 1996 2883 IV.
2025 2855 2076 2883 de-

1140 2907 1286 2929 cretorum
1310 2901 1482 2938 compilatio
1505 2910 1572 2928 cum
1601 2899 1710 2936 glossa,
1739 2903 1765 2925 ct
1790 2896 1926 2935 Gregorii
1949 2898 1984 2926 X.
2008 2907 2076 2926 con-

1194 3003 1213 3026 T)
1229 3001 1295 3020 Calai.
1306 3001 1364 3020 codd.
1376 3000 1437 3020 latin.
1448 3000 1495 3019 bibl.
1507 3000 1569 3024 ›rqi'az
1582 2998 1714 3018 Munucmsr's
1725 2998 1745 3017 h.
1756 3003 1859 3017 numero.
