<?xml version="1.0" encoding="UTF-8"?>
<!DOCTYPE html PUBLIC "-//W3C//DTD XHTML 1.0 Transitional//EN"
    "http://www.w3.org/TR/xhtml1/DTD/xhtml1-transitional.dtd">
<html xmlns="http://www.w3.org/1999/xhtml" xml:lang="en" lang="en">
 <head>
  <title>
</title>
<meta http-equiv="Content-Type" content="text/html;charset=utf-8" />
  <meta name='ocr-system' content='tesseract 3.04.00' />
  <meta name='ocr-capabilities' content='ocr_page ocr_carea ocr_par ocr_line ocrx_word'/>
</head>
<body>
  <div class='ocr_page' id='page_1' title='image "./corpusjuriscanon00richuoft_0031.png"; bbox 0 0 2243 3288; ppageno 0'>
   <div class='ocr_carea' id='block_1_1' title="bbox 154 185 230 211">
    <p class='ocr_par' dir='ltr' id='par_1_1' title="bbox 154 185 230 211">
     <span class='ocr_line' id='line_1_1' title="bbox 154 185 230 211; baseline -0.013 0"><span class='ocrx_word' id='word_1_1' title='bbox 154 185 230 211; x_wconf 93' lang='lat' dir='ltr'>XLV</span> 
     </span>
    </p>
   </div>
   <div class='ocr_carea' id='block_1_2' title="bbox 151 252 1109 2945">
    <p class='ocr_par' dir='ltr' id='par_1_2' title="bbox 151 252 1109 1231">
     <span class='ocr_line' id='line_1_2' title="bbox 155 252 1089 290; baseline -0.004 -7"><span class='ocrx_word' id='word_1_2' title='bbox 155 254 285 284; x_wconf 85' lang='lat' dir='ltr'>editione</span> <span class='ocrx_word' id='word_1_3' title='bbox 327 252 465 281; x_wconf 87' lang='lat' dir='ltr'>adhibita</span> <span class='ocrx_word' id='word_1_4' title='bbox 510 261 628 290; x_wconf 84' lang='lat' dir='ltr'><strong>semper</strong></span> <span class='ocrx_word' id='word_1_5' title='bbox 674 252 755 281; x_wconf 85' lang='lat' dir='ltr'>sacili</span> <span class='ocrx_word' id='word_1_6' title='bbox 800 252 920 290; x_wconf 86' lang='lat' dir='ltr'>negotio</span> <span class='ocrx_word' id='word_1_7' title='bbox 961 252 1089 289; x_wconf 79' lang='lat' dir='ltr'>intelligi</span> 
     </span>
     <span class='ocr_line' id='line_1_3' title="bbox 154 295 1107 332; baseline -0.003 -7"><span class='ocrx_word' id='word_1_8' title='bbox 154 297 251 331; x_wconf 81' lang='lat' dir='ltr'>liceat,</span> <span class='ocrx_word' id='word_1_9' title='bbox 274 295 318 324; x_wconf 84' lang='lat' dir='ltr'>vir</span> <span class='ocrx_word' id='word_1_10' title='bbox 336 295 459 332; x_wconf 91' lang='lat' dir='ltr'>quidem</span> <span class='ocrx_word' id='word_1_11' title='bbox 483 296 522 324; x_wconf 87' lang='lat' dir='ltr'>ad</span> <span class='ocrx_word' id='word_1_12' title='bbox 541 295 655 323; x_wconf 79' lang='lat' dir='ltr'>litteras</span> <span class='ocrx_word' id='word_1_13' title='bbox 676 295 850 323; x_wconf 78' lang='lat' dir='ltr'>incumbens</span> <span class='ocrx_word' id='word_1_14' title='bbox 868 304 969 322; x_wconf 77' lang='lat' dir='ltr'>veram</span> <span class='ocrx_word' id='word_1_15' title='bbox 989 295 1089 323; x_wconf 82' lang='lat' dir='ltr'>decre·</span> <span class='ocrx_word' id='word_1_16' title='bbox 1106 313 1107 319; x_wconf 30' lang='grc' dir='ltr'>η</span> 
     </span>
     <span class='ocr_line' id='line_1_4' title="bbox 153 337 1090 375; baseline -0.003 -8"><span class='ocrx_word' id='word_1_17' title='bbox 153 339 258 368; x_wconf 90' lang='lat' dir='ltr'>talium</span> <span class='ocrx_word' id='word_1_18' title='bbox 290 337 468 366; x_wconf 88' lang='lat' dir='ltr'>sententiam</span> <span class='ocrx_word' id='word_1_19' title='bbox 503 338 682 375; x_wconf 89' lang='lat' dir='ltr'>perscrutari</span> <span class='ocrx_word' id='word_1_20' title='bbox 714 338 771 366; x_wconf 91' lang='lat' dir='ltr'>nisi</span> <span class='ocrx_word' id='word_1_21' title='bbox 802 338 892 366; x_wconf 90' lang='lat' dir='ltr'>modo</span> <span class='ocrx_word' id='word_1_22' title='bbox 928 337 979 374; x_wconf 92' lang='lat' dir='ltr'>qui</span> <span class='ocrx_word' id='word_1_23' title='bbox 1015 337 1090 365; x_wconf 88' lang='lat' dir='ltr'>mihi</span> 
     </span>
     <span class='ocr_line' id='line_1_5' title="bbox 153 380 1090 419; baseline -0.001 -10"><span class='ocrx_word' id='word_1_24' title='bbox 153 381 265 419; x_wconf 85' lang='lat' dir='ltr'>placuit</span> <span class='ocrx_word' id='word_1_25' title='bbox 285 386 400 409; x_wconf 84' lang='lat' dir='ltr'>servato</span> <span class='ocrx_word' id='word_1_26' title='bbox 418 390 477 408; x_wconf 87' lang='lat' dir='ltr'>non</span> <span class='ocrx_word' id='word_1_27' title='bbox 500 386 604 418; x_wconf 88' lang='lat' dir='ltr'>potest.</span> <span class='ocrx_word' id='word_1_28' title='bbox 638 381 716 409; x_wconf 84' lang='lat' dir='ltr'>Sane</span> <span class='ocrx_word' id='word_1_29' title='bbox 735 380 760 409; x_wconf 88' lang='lat' dir='ltr'>si</span> <span class='ocrx_word' id='word_1_30' title='bbox 778 381 975 417; x_wconf 84' lang='lat' dir='ltr'>Raymundus</span> <span class='ocrx_word' id='word_1_31' title='bbox 993 389 1090 417; x_wconf 85' lang='lat' dir='ltr'>pauca</span> 
     </span>
     <span class='ocr_line' id='line_1_6' title="bbox 153 423 1090 461; baseline -0.002 -9"><span class='ocrx_word' id='word_1_32' title='bbox 153 429 296 452; x_wconf 81' lang='lat' dir='ltr'>mutasset</span> <span class='ocrx_word' id='word_1_33' title='bbox 314 432 471 461; x_wconf 84' lang='lat' dir='ltr'>paucaque</span> <span class='ocrx_word' id='word_1_34' title='bbox 490 423 637 452; x_wconf 83' lang='lat' dir='ltr'>omisisset</span> <span class='ocrx_word' id='word_1_35' title='bbox 657 423 852 452; x_wconf 85' lang='lat' dir='ltr'>decretalium</span> <span class='ocrx_word' id='word_1_36' title='bbox 871 423 974 457; x_wconf 79' lang='lat' dir='ltr'>verba,</span> <span class='ocrx_word' id='word_1_37' title='bbox 994 431 1090 459; x_wconf 89' lang='lat' dir='ltr'>eaque</span> 
     </span>
     <span class='ocr_line' id='line_1_7' title="bbox 153 465 1091 504; baseline -0.001 -10"><span class='ocrx_word' id='word_1_38' title='bbox 153 467 230 495; x_wconf 91' lang='lat' dir='ltr'>inter</span> <span class='ocrx_word' id='word_1_39' title='bbox 247 476 278 494; x_wconf 89' lang='lat' dir='ltr'>se</span> <span class='ocrx_word' id='word_1_40' title='bbox 298 466 445 504; x_wconf 86' lang='lat' dir='ltr'>contigua,</span> <span class='ocrx_word' id='word_1_41' title='bbox 469 466 544 494; x_wconf 88' lang='lat' dir='ltr'>nihil</span> <span class='ocrx_word' id='word_1_42' title='bbox 563 466 733 500; x_wconf 78' lang='lat' dir='ltr'>obstitisset,</span> <span class='ocrx_word' id='word_1_43' title='bbox 752 471 784 494; x_wconf 89' lang='lat' dir='ltr'>ut</span> <span class='ocrx_word' id='word_1_44' title='bbox 807 465 910 494; x_wconf 85' lang='lat' dir='ltr'>lectori</span> <span class='ocrx_word' id='word_1_45' title='bbox 928 474 1019 502; x_wconf 86' lang='lat' dir='ltr'>opera</span> <span class='ocrx_word' id='word_1_46' title='bbox 1039 465 1091 493; x_wconf 88' lang='lat' dir='ltr'>im-</span> 
     </span>
     <span class='ocr_line' id='line_1_8' title="bbox 152 509 1090 546; baseline -0.001 -9"><span class='ocrx_word' id='word_1_47' title='bbox 152 515 310 546; x_wconf 86' lang='lat' dir='ltr'>poneretur</span> <span class='ocrx_word' id='word_1_48' title='bbox 341 515 426 537; x_wconf 88' lang='lat' dir='ltr'>notas</span> <span class='ocrx_word' id='word_1_49' title='bbox 457 518 576 546; x_wconf 84' lang='lat' dir='ltr'>semper</span> <span class='ocrx_word' id='word_1_50' title='bbox 607 518 674 537; x_wconf 88' lang='lat' dir='ltr'>cum</span> <span class='ocrx_word' id='word_1_51' title='bbox 705 514 790 537; x_wconf 83' lang='lat' dir='ltr'>textu</span> <span class='ocrx_word' id='word_1_52' title='bbox 822 509 968 542; x_wconf 83' lang='lat' dir='ltr'>conferre,</span> <span class='ocrx_word' id='word_1_53' title='bbox 1001 514 1090 545; x_wconf 87' lang='lat' dir='ltr'>atque</span> 
     </span>
     <span class='ocr_line' id='line_1_9' title="bbox 153 551 1091 588; baseline -0.002 -8"><span class='ocrx_word' id='word_1_54' title='bbox 153 552 289 580; x_wconf 88' lang='lat' dir='ltr'>eiusdem</span> <span class='ocrx_word' id='word_1_55' title='bbox 309 551 469 580; x_wconf 89' lang='lat' dir='ltr'>decretalis</span> <span class='ocrx_word' id='word_1_56' title='bbox 488 551 615 580; x_wconf 88' lang='lat' dir='ltr'>disiecta</span> <span class='ocrx_word' id='word_1_57' title='bbox 633 552 769 579; x_wconf 87' lang='lat' dir='ltr'>membra</span> <span class='ocrx_word' id='word_1_58' title='bbox 792 551 926 588; x_wconf 90' lang='lat' dir='ltr'>undique</span> <span class='ocrx_word' id='word_1_59' title='bbox 946 551 976 578; x_wconf 92' lang='lat' dir='ltr'>in</span> <span class='ocrx_word' id='word_1_60' title='bbox 999 561 1091 578; x_wconf 89' lang='lat' dir='ltr'>unum</span> 
     </span>
     <span class='ocr_line' id='line_1_10' title="bbox 153 593 1109 632; baseline -0.001 -10"><span class='ocrx_word' id='word_1_61' title='bbox 153 604 258 632; x_wconf 91' lang='lat' dir='ltr'>corpus</span> <span class='ocrx_word' id='word_1_62' title='bbox 291 594 438 632; x_wconf 84' lang='lat' dir='ltr'>colligere.</span> <span class='ocrx_word' id='word_1_63' title='bbox 493 594 553 623; x_wconf 88' lang='lat' dir='ltr'>Sed</span> <span class='ocrx_word' id='word_1_64' title='bbox 585 603 663 631; x_wconf 88' lang='lat' dir='ltr'>quae</span> <span class='ocrx_word' id='word_1_65' title='bbox 690 594 790 622; x_wconf 84' lang='lat' dir='ltr'>omisit</span> <span class='ocrx_word' id='word_1_66' title='bbox 821 594 1018 630; x_wconf 83' lang='lat' dir='ltr'>Raymundus</span> <span class='ocrx_word' id='word_1_67' title='bbox 1050 593 1109 621; x_wconf 45' lang='lat' dir='ltr'>in-¹</span> 
     </span>
     <span class='ocr_line' id='line_1_11' title="bbox 151 636 1092 674; baseline -0.001 -9"><span class='ocrx_word' id='word_1_68' title='bbox 151 646 275 665; x_wconf 88' lang='lat' dir='ltr'>numera</span> <span class='ocrx_word' id='word_1_69' title='bbox 299 642 376 671; x_wconf 89' lang='lat' dir='ltr'>sunt,</span> <span class='ocrx_word' id='word_1_70' title='bbox 400 642 429 665; x_wconf 89' lang='lat' dir='ltr'>et</span> <span class='ocrx_word' id='word_1_71' title='bbox 448 637 573 665; x_wconf 87' lang='lat' dir='ltr'>lacunae</span> <span class='ocrx_word' id='word_1_72' title='bbox 596 637 649 665; x_wconf 87' lang='lat' dir='ltr'>tali</span> <span class='ocrx_word' id='word_1_73' title='bbox 669 637 758 665; x_wconf 91' lang='lat' dir='ltr'>modo</span> <span class='ocrx_word' id='word_1_74' title='bbox 777 645 808 665; x_wconf 91' lang='lat' dir='ltr'>se</span> <span class='ocrx_word' id='word_1_75' title='bbox 827 636 993 674; x_wconf 82' lang='lat' dir='ltr'>excipiunt,</span> <span class='ocrx_word' id='word_1_76' title='bbox 1017 642 1049 664; x_wconf 92' lang='lat' dir='ltr'>ut</span> <span class='ocrx_word' id='word_1_77' title='bbox 1067 636 1092 664; x_wconf 88' lang='lat' dir='ltr'>si</span> 
     </span>
     <span class='ocr_line' id='line_1_12' title="bbox 153 679 1091 717; baseline -0.001 -9"><span class='ocrx_word' id='word_1_78' title='bbox 153 689 204 708; x_wconf 83' lang='lat' dir='ltr'>eas</span> <span class='ocrx_word' id='word_1_79' title='bbox 236 679 266 708; x_wconf 90' lang='lat' dir='ltr'>in</span> <span class='ocrx_word' id='word_1_80' title='bbox 297 680 373 708; x_wconf 91' lang='lat' dir='ltr'>notis</span> <span class='ocrx_word' id='word_1_81' title='bbox 408 680 531 717; x_wconf 89' lang='lat' dir='ltr'>explere</span> <span class='ocrx_word' id='word_1_82' title='bbox 566 679 725 708; x_wconf 83' lang='lat' dir='ltr'>voluissem</span> <span class='ocrx_word' id='word_1_83' title='bbox 762 679 792 707; x_wconf 93' lang='lat' dir='ltr'>in</span> <span class='ocrx_word' id='word_1_84' title='bbox 827 689 887 707; x_wconf 87' lang='lat' dir='ltr'>una</span> <span class='ocrx_word' id='word_1_85' title='bbox 923 679 1091 716; x_wconf 88' lang='lat' dir='ltr'>eademque</span> 
     </span>
     <span class='ocr_line' id='line_1_13' title="bbox 152 722 1091 760; baseline 0 -10"><span class='ocrx_word' id='word_1_86' title='bbox 152 723 296 751; x_wconf 84' lang='lat' dir='ltr'>decretali</span> <span class='ocrx_word' id='word_1_87' title='bbox 319 722 370 760; x_wconf 90' lang='lat' dir='ltr'>qui</span> <span class='ocrx_word' id='word_1_88' title='bbox 394 722 467 760; x_wconf 85' lang='lat' dir='ltr'>legit</span> <span class='ocrx_word' id='word_1_89' title='bbox 485 732 552 750; x_wconf 89' lang='lat' dir='ltr'>eam</span> <span class='ocrx_word' id='word_1_90' title='bbox 571 732 641 750; x_wconf 79' lang='lat' dir='ltr'>mox</span> <span class='ocrx_word' id='word_1_91' title='bbox 664 728 781 750; x_wconf 81' lang='lat' dir='ltr'>textum</span> <span class='ocrx_word' id='word_1_92' title='bbox 800 728 948 759; x_wconf 86' lang='lat' dir='ltr'>spectare,</span> <span class='ocrx_word' id='word_1_93' title='bbox 971 732 1041 750; x_wconf 78' lang='lat' dir='ltr'>mox</span> <span class='ocrx_word' id='word_1_94' title='bbox 1062 722 1091 750; x_wconf 92' lang='lat' dir='ltr'>in</span> 
     </span>
     <span class='ocr_line' id='line_1_14' title="bbox 151 765 1091 802; baseline -0.001 -9"><span class='ocrx_word' id='word_1_95' title='bbox 151 771 237 794; x_wconf 86' lang='lat' dir='ltr'>notas</span> <span class='ocrx_word' id='word_1_96' title='bbox 260 765 456 800; x_wconf 85' lang='lat' dir='ltr'>descendere,</span> <span class='ocrx_word' id='word_1_97' title='bbox 485 771 575 802; x_wconf 89' lang='lat' dir='ltr'>atque</span> <span class='ocrx_word' id='word_1_98' title='bbox 599 766 698 794; x_wconf 89' lang='lat' dir='ltr'>denuo</span> <span class='ocrx_word' id='word_1_99' title='bbox 721 765 761 794; x_wconf 92' lang='lat' dir='ltr'>ad</span> <span class='ocrx_word' id='word_1_100' title='bbox 787 770 904 793; x_wconf 78' lang='lat' dir='ltr'>textum</span> <span class='ocrx_word' id='word_1_101' title='bbox 928 765 1091 793; x_wconf 89' lang='lat' dir='ltr'>ascendere</span> 
     </span>
     <span class='ocr_line' id='line_1_15' title="bbox 152 807 1091 845; baseline -0.001 -9"><span class='ocrx_word' id='word_1_102' title='bbox 152 807 312 837; x_wconf 88' lang='lat' dir='ltr'>debuisset.</span> <span class='ocrx_word' id='word_1_103' title='bbox 348 809 453 845; x_wconf 89' lang='lat' dir='ltr'>Itaque</span> <span class='ocrx_word' id='word_1_104' title='bbox 480 817 533 845; x_wconf 91' lang='lat' dir='ltr'>pro</span> <span class='ocrx_word' id='word_1_105' title='bbox 561 814 641 836; x_wconf 89' lang='lat' dir='ltr'>certo</span> <span class='ocrx_word' id='word_1_106' title='bbox 668 808 842 836; x_wconf 90' lang='lat' dir='ltr'>habendum</span> <span class='ocrx_word' id='word_1_107' title='bbox 875 813 931 842; x_wconf 89' lang='lat' dir='ltr'>est,</span> <span class='ocrx_word' id='word_1_108' title='bbox 964 817 1033 836; x_wconf 89' lang='lat' dir='ltr'>eum</span> <span class='ocrx_word' id='word_1_109' title='bbox 1062 808 1091 835; x_wconf 95' lang='lat' dir='ltr'>in</span> 
     </span>
     <span class='ocr_line' id='line_1_16' title="bbox 151 850 1092 888; baseline -0.001 -9"><span class='ocrx_word' id='word_1_110' title='bbox 151 851 284 879; x_wconf 85' lang='lat' dir='ltr'>editione</span> <span class='ocrx_word' id='word_1_111' title='bbox 315 852 373 879; x_wconf 91' lang='lat' dir='ltr'>hoc</span> <span class='ocrx_word' id='word_1_112' title='bbox 403 851 493 879; x_wconf 92' lang='lat' dir='ltr'>modo</span> <span class='ocrx_word' id='word_1_113' title='bbox 525 851 669 888; x_wconf 86' lang='lat' dir='ltr'>disposita</span> <span class='ocrx_word' id='word_1_114' title='bbox 701 851 774 888; x_wconf 89' lang='lat' dir='ltr'>quid</span> <span class='ocrx_word' id='word_1_115' title='bbox 807 850 864 879; x_wconf 87' lang='lat' dir='ltr'>sibi</span> <span class='ocrx_word' id='word_1_116' title='bbox 891 850 961 879; x_wconf 82' lang='lat' dir='ltr'>velit</span> <span class='ocrx_word' id='word_1_117' title='bbox 990 856 1092 878; x_wconf 78' lang='lat' dir='ltr'>auctor</span> 
     </span>
     <span class='ocr_line' id='line_1_17' title="bbox 151 893 1091 931; baseline -0.001 -9"><span class='ocrx_word' id='word_1_118' title='bbox 151 893 194 922; x_wconf 85' lang='lat' dir='ltr'>ita</span> <span class='ocrx_word' id='word_1_119' title='bbox 211 894 418 922; x_wconf 87' lang='lat' dir='ltr'>tantummodo</span> <span class='ocrx_word' id='word_1_120' title='bbox 438 894 604 931; x_wconf 89' lang='lat' dir='ltr'>intelligere</span> <span class='ocrx_word' id='word_1_121' title='bbox 622 903 717 931; x_wconf 84' lang='lat' dir='ltr'>posse,</span> <span class='ocrx_word' id='word_1_122' title='bbox 736 893 761 922; x_wconf 83' lang='lat' dir='ltr'>si</span> <span class='ocrx_word' id='word_1_123' title='bbox 780 893 939 922; x_wconf 85' lang='lat' dir='ltr'>decretalis</span> <span class='ocrx_word' id='word_1_124' title='bbox 958 894 1091 922; x_wconf 83' lang='lat' dir='ltr'>diversas</span> 
     </span>
     <span class='ocr_line' id='line_1_18' title="bbox 151 936 1091 974; baseline 0 -10"><span class='ocrx_word' id='word_1_125' title='bbox 151 942 252 974; x_wconf 90' lang='lat' dir='ltr'>partes</span> <span class='ocrx_word' id='word_1_126' title='bbox 275 936 333 965; x_wconf 90' lang='lat' dir='ltr'>sibi</span> <span class='ocrx_word' id='word_1_127' title='bbox 361 936 424 974; x_wconf 92' lang='lat' dir='ltr'>ipse</span> <span class='ocrx_word' id='word_1_128' title='bbox 447 936 477 964; x_wconf 91' lang='lat' dir='ltr'>in</span> <span class='ocrx_word' id='word_1_129' title='bbox 499 946 591 965; x_wconf 89' lang='lat' dir='ltr'>unum</span> <span class='ocrx_word' id='word_1_130' title='bbox 615 936 785 971; x_wconf 85' lang='lat' dir='ltr'>conscribit,</span> <span class='ocrx_word' id='word_1_131' title='bbox 814 937 895 973; x_wconf 91' lang='lat' dir='ltr'>quod</span> <span class='ocrx_word' id='word_1_132' title='bbox 918 936 993 964; x_wconf 90' lang='lat' dir='ltr'>mihi</span> <span class='ocrx_word' id='word_1_133' title='bbox 1012 937 1091 964; x_wconf 87' lang='lat' dir='ltr'>hanc</span> 
     </span>
     <span class='ocr_line' id='line_1_19' title="bbox 152 979 1090 1008; baseline 0 -1"><span class='ocrx_word' id='word_1_134' title='bbox 152 980 191 1008; x_wconf 92' lang='lat' dir='ltr'>ob</span> <span class='ocrx_word' id='word_1_135' title='bbox 222 989 344 1007; x_wconf 89' lang='lat' dir='ltr'>causam</span> <span class='ocrx_word' id='word_1_136' title='bbox 376 979 548 1008; x_wconf 87' lang='lat' dir='ltr'>faciendum</span> <span class='ocrx_word' id='word_1_137' title='bbox 581 989 646 1007; x_wconf 91' lang='lat' dir='ltr'>esse</span> <span class='ocrx_word' id='word_1_138' title='bbox 678 979 837 1007; x_wconf 82' lang='lat' dir='ltr'>arbitratus</span> <span class='ocrx_word' id='word_1_139' title='bbox 870 989 942 1007; x_wconf 89' lang='lat' dir='ltr'>sum.</span> <span class='ocrx_word' id='word_1_140' title='bbox 996 980 1035 1007; x_wconf 88' lang='lat' dir='ltr'>Et</span> <span class='ocrx_word' id='word_1_141' title='bbox 1066 979 1090 1007; x_wconf 91' lang='lat' dir='ltr'>si</span> 
     </span>
     <span class='ocr_line' id='line_1_20' title="bbox 152 1022 1091 1060; baseline 0 -10"><span class='ocrx_word' id='word_1_142' title='bbox 152 1022 256 1060; x_wconf 84' lang='lat' dir='ltr'>negari</span> <span class='ocrx_word' id='word_1_143' title='bbox 283 1028 421 1059; x_wconf 85' lang='lat' dir='ltr'>nequeat,</span> <span class='ocrx_word' id='word_1_144' title='bbox 449 1022 479 1050; x_wconf 92' lang='lat' dir='ltr'>in</span> <span class='ocrx_word' id='word_1_145' title='bbox 506 1031 574 1050; x_wconf 91' lang='lat' dir='ltr'>mea</span> <span class='ocrx_word' id='word_1_146' title='bbox 602 1022 734 1051; x_wconf 84' lang='lat' dir='ltr'>editione</span> <span class='ocrx_word' id='word_1_147' title='bbox 762 1031 986 1059; x_wconf 81' lang='lat' dir='ltr'>nonnumquam</span> <span class='ocrx_word' id='word_1_148' title='bbox 1013 1027 1091 1050; x_wconf 84' lang='lat' dir='ltr'>totas</span> 
     </span>
     <span class='ocr_line' id='line_1_21' title="bbox 152 1065 1091 1102; baseline -0.001 -9"><span class='ocrx_word' id='word_1_149' title='bbox 152 1070 272 1093; x_wconf 88' lang='lat' dir='ltr'>exstare</span> <span class='ocrx_word' id='word_1_150' title='bbox 294 1065 421 1102; x_wconf 83' lang='lat' dir='ltr'>paginas</span> <span class='ocrx_word' id='word_1_151' title='bbox 448 1074 485 1093; x_wconf 90' lang='lat' dir='ltr'>ne</span> <span class='ocrx_word' id='word_1_152' title='bbox 508 1075 599 1093; x_wconf 91' lang='lat' dir='ltr'>unum</span> <span class='ocrx_word' id='word_1_153' title='bbox 623 1065 746 1102; x_wconf 89' lang='lat' dir='ltr'>quidem</span> <span class='ocrx_word' id='word_1_154' title='bbox 765 1065 950 1093; x_wconf 83' lang='lat' dir='ltr'>continentes</span> <span class='ocrx_word' id='word_1_155' title='bbox 968 1065 1091 1093; x_wconf 76' lang='lat' dir='ltr'>verbum</span> 
     </span>
     <span class='ocr_line' id='line_1_22' title="bbox 153 1107 1091 1145; baseline -0.001 -9"><span class='ocrx_word' id='word_1_156' title='bbox 153 1117 171 1136; x_wconf 85' lang='lat' dir='ltr'>a</span> <span class='ocrx_word' id='word_1_157' title='bbox 189 1108 369 1145; x_wconf 90' lang='lat' dir='ltr'>Raymundo</span> <span class='ocrx_word' id='word_1_158' title='bbox 387 1117 425 1136; x_wconf 85' lang='lat' dir='ltr'>ex</span> <span class='ocrx_word' id='word_1_159' title='bbox 445 1108 589 1136; x_wconf 88' lang='lat' dir='ltr'>decretali</span> <span class='ocrx_word' id='word_1_160' title='bbox 609 1114 796 1145; x_wconf 86' lang='lat' dir='ltr'>excerptum,</span> <span class='ocrx_word' id='word_1_161' title='bbox 820 1117 891 1136; x_wconf 91' lang='lat' dir='ltr'>num</span> <span class='ocrx_word' id='word_1_162' title='bbox 911 1108 1017 1136; x_wconf 87' lang='lat' dir='ltr'>melius</span> <span class='ocrx_word' id='word_1_163' title='bbox 1035 1107 1091 1135; x_wconf 91' lang='lat' dir='ltr'>tibi</span> 
     </span>
     <span class='ocr_line' id='line_1_23' title="bbox 153 1150 1091 1188; baseline -0.001 -9"><span class='ocrx_word' id='word_1_164' title='bbox 153 1160 219 1179; x_wconf 91' lang='lat' dir='ltr'>esse</span> <span class='ocrx_word' id='word_1_165' title='bbox 259 1150 388 1185; x_wconf 81' lang='lat' dir='ltr'>videtur,</span> <span class='ocrx_word' id='word_1_166' title='bbox 425 1156 541 1179; x_wconf 84' lang='lat' dir='ltr'>textum</span> <span class='ocrx_word' id='word_1_167' title='bbox 582 1151 729 1188; x_wconf 86' lang='lat' dir='ltr'>inspicere</span> <span class='ocrx_word' id='word_1_168' title='bbox 771 1150 914 1188; x_wconf 78' lang='lat' dir='ltr'>exiguum</span> <span class='ocrx_word' id='word_1_169' title='bbox 955 1156 1091 1179; x_wconf 86' lang='lat' dir='ltr'>notarum</span> 
     </span>
     <span class='ocr_line' id='line_1_24' title="bbox 152 1193 549 1231; baseline 0.003 -10"><span class='ocrx_word' id='word_1_170' title='bbox 152 1194 230 1222; x_wconf 90' lang='lat' dir='ltr'>mole</span> <span class='ocrx_word' id='word_1_171' title='bbox 248 1193 338 1230; x_wconf 87' lang='lat' dir='ltr'>plane</span> <span class='ocrx_word' id='word_1_172' title='bbox 357 1193 549 1231; x_wconf 83' lang='lat' dir='ltr'>oppressum?</span> 
     </span>
    </p>

    <p class='ocr_par' dir='ltr' id='par_1_3' title="bbox 152 1235 1096 2648">
     <span class='ocr_line' id='line_1_25' title="bbox 218 1235 1091 1274; baseline -0.002 -9"><span class='ocrx_word' id='word_1_173' title='bbox 218 1236 306 1272; x_wconf 87' lang='lat' dir='ltr'>Quae</span> <span class='ocrx_word' id='word_1_174' title='bbox 334 1236 364 1264; x_wconf 89' lang='lat' dir='ltr'>in</span> <span class='ocrx_word' id='word_1_175' title='bbox 387 1237 524 1274; x_wconf 87' lang='lat' dir='ltr'>Gregorii</span> <span class='ocrx_word' id='word_1_176' title='bbox 547 1237 714 1265; x_wconf 77' lang='lat' dir='ltr'>decretales</span> <span class='ocrx_word' id='word_1_177' title='bbox 742 1236 852 1265; x_wconf 87' lang='lat' dir='ltr'>inserui</span> <span class='ocrx_word' id='word_1_178' title='bbox 874 1236 965 1264; x_wconf 83' lang='lat' dir='ltr'>verba</span> <span class='ocrx_word' id='word_1_179' title='bbox 992 1235 1091 1263; x_wconf 79' lang='lat' dir='ltr'>inveni</span> 
     </span>
     <span class='ocr_line' id='line_1_26' title="bbox 154 1279 1091 1317; baseline -0.002 -9"><span class='ocrx_word' id='word_1_180' title='bbox 154 1279 186 1307; x_wconf 92' lang='lat' dir='ltr'>in</span> <span class='ocrx_word' id='word_1_181' title='bbox 203 1279 296 1314; x_wconf 82' lang='lat' dir='ltr'>libris,</span> <span class='ocrx_word' id='word_1_182' title='bbox 321 1289 394 1316; x_wconf 91' lang='lat' dir='ltr'>quos</span> <span class='ocrx_word' id='word_1_183' title='bbox 415 1280 489 1317; x_wconf 80' lang='lat' dir='ltr'>Jafse</span> <span class='ocrx_word' id='word_1_184' title='bbox 512 1285 541 1308; x_wconf 92' lang='lat' dir='ltr'>et</span> <span class='ocrx_word' id='word_1_185' title='bbox 564 1281 699 1308; x_wconf 89' lang='lat' dir='ltr'>Potthast</span> <span class='ocrx_word' id='word_1_186' title='bbox 721 1279 848 1308; x_wconf 89' lang='lat' dir='ltr'>ducibus</span> <span class='ocrx_word' id='word_1_187' title='bbox 867 1288 1091 1315; x_wconf 82' lang='lat' dir='ltr'>nonnumquam</span> 
     </span>
     <span class='ocr_line' id='line_1_27' title="bbox 153 1321 1091 1360; baseline -0.002 -10"><span class='ocrx_word' id='word_1_188' title='bbox 153 1322 249 1360; x_wconf 93' lang='lat' dir='ltr'>primo</span> <span class='ocrx_word' id='word_1_189' title='bbox 263 1322 338 1350; x_wconf 85' lang='lat' dir='ltr'>mihi</span> <span class='ocrx_word' id='word_1_190' title='bbox 353 1323 433 1350; x_wconf 90' lang='lat' dir='ltr'>hunc</span> <span class='ocrx_word' id='word_1_191' title='bbox 447 1323 487 1351; x_wconf 89' lang='lat' dir='ltr'>ad</span> <span class='ocrx_word' id='word_1_192' title='bbox 501 1323 591 1351; x_wconf 89' lang='lat' dir='ltr'>finem</span> <span class='ocrx_word' id='word_1_193' title='bbox 605 1322 784 1360; x_wconf 90' lang='lat' dir='ltr'>perscrutari</span> <span class='ocrx_word' id='word_1_194' title='bbox 800 1322 892 1357; x_wconf 90' lang='lat' dir='ltr'>licuit,</span> <span class='ocrx_word' id='word_1_195' title='bbox 906 1331 965 1358; x_wconf 90' lang='lat' dir='ltr'>quo</span> <span class='ocrx_word' id='word_1_196' title='bbox 979 1321 1091 1349; x_wconf 84' lang='lat' dir='ltr'>factum</span> 
     </span>
     <span class='ocr_line' id='line_1_28' title="bbox 154 1365 1090 1402; baseline -0.002 -9"><span class='ocrx_word' id='word_1_197' title='bbox 154 1371 206 1400; x_wconf 88' lang='lat' dir='ltr'>est,</span> <span class='ocrx_word' id='word_1_198' title='bbox 225 1371 257 1394; x_wconf 92' lang='lat' dir='ltr'>ut</span> <span class='ocrx_word' id='word_1_199' title='bbox 276 1366 435 1394; x_wconf 90' lang='lat' dir='ltr'>multarum</span> <span class='ocrx_word' id='word_1_200' title='bbox 455 1366 652 1394; x_wconf 83' lang='lat' dir='ltr'>decretalium</span> <span class='ocrx_word' id='word_1_201' title='bbox 671 1366 794 1402; x_wconf 88' lang='lat' dir='ltr'>explere</span> <span class='ocrx_word' id='word_1_202' title='bbox 817 1365 940 1393; x_wconf 82' lang='lat' dir='ltr'>lacunas</span> <span class='ocrx_word' id='word_1_203' title='bbox 963 1373 1090 1401; x_wconf 89' lang='lat' dir='ltr'>possem,</span> 
     </span>
     <span class='ocr_line' id='line_1_29' title="bbox 154 1406 1092 1446; baseline -0.002 -10"><span class='ocrx_word' id='word_1_204' title='bbox 154 1417 232 1445; x_wconf 88' lang='lat' dir='ltr'>quae</span> <span class='ocrx_word' id='word_1_205' title='bbox 264 1408 439 1436; x_wconf 90' lang='lat' dir='ltr'>Richterum</span> <span class='ocrx_word' id='word_1_206' title='bbox 471 1409 643 1446; x_wconf 80' lang='lat' dir='ltr'>effugerant,</span> <span class='ocrx_word' id='word_1_207' title='bbox 679 1409 848 1445; x_wconf 88' lang='lat' dir='ltr'>multasque</span> <span class='ocrx_word' id='word_1_208' title='bbox 885 1406 1092 1444; x_wconf 87' lang='lat' dir='ltr'>inscriptiones</span> 
     </span>
     <span class='ocr_line' id='line_1_30' title="bbox 154 1449 1092 1488; baseline -0.002 -9"><span class='ocrx_word' id='word_1_209' title='bbox 154 1451 446 1488; x_wconf 88' lang='lat' dir='ltr'>subscriptionesque</span> <span class='ocrx_word' id='word_1_210' title='bbox 471 1452 596 1484; x_wconf 88' lang='lat' dir='ltr'>addere,</span> <span class='ocrx_word' id='word_1_211' title='bbox 624 1460 702 1488; x_wconf 85' lang='lat' dir='ltr'>quae</span> <span class='ocrx_word' id='word_1_212' title='bbox 726 1456 777 1479; x_wconf 89' lang='lat' dir='ltr'>aut</span> <span class='ocrx_word' id='word_1_213' title='bbox 798 1451 899 1478; x_wconf 85' lang='lat' dir='ltr'>nullae</span> <span class='ocrx_word' id='word_1_214' title='bbox 923 1455 974 1478; x_wconf 87' lang='lat' dir='ltr'>aut</span> <span class='ocrx_word' id='word_1_215' title='bbox 998 1449 1092 1477; x_wconf 87' lang='lat' dir='ltr'>salsae</span> 
     </span>
     <span class='ocr_line' id='line_1_31' title="bbox 155 1492 1092 1531; baseline -0.003 -9"><span class='ocrx_word' id='word_1_216' title='bbox 155 1493 186 1522; x_wconf 93' lang='lat' dir='ltr'>in</span> <span class='ocrx_word' id='word_1_217' title='bbox 208 1493 355 1531; x_wconf 89' lang='lat' dir='ltr'>prioribus</span> <span class='ocrx_word' id='word_1_218' title='bbox 378 1493 560 1522; x_wconf 86' lang='lat' dir='ltr'>editionibus</span> <span class='ocrx_word' id='word_1_219' title='bbox 584 1494 769 1522; x_wconf 83' lang='lat' dir='ltr'>exstiterunt.</span> <span class='ocrx_word' id='word_1_220' title='bbox 827 1493 929 1521; x_wconf 87' lang='lat' dir='ltr'>Etiam</span> <span class='ocrx_word' id='word_1_221' title='bbox 951 1492 1092 1529; x_wconf 83' lang='lat' dir='ltr'>compila-</span> 
     </span>
     <span class='ocr_line' id='line_1_32' title="bbox 152 1536 1093 1574; baseline -0.002 -10"><span class='ocrx_word' id='word_1_222' title='bbox 152 1536 250 1565; x_wconf 90' lang='lat' dir='ltr'>tiones</span> <span class='ocrx_word' id='word_1_223' title='bbox 282 1537 421 1574; x_wconf 88' lang='lat' dir='ltr'>antiquas</span> <span class='ocrx_word' id='word_1_224' title='bbox 453 1546 571 1574; x_wconf 88' lang='lat' dir='ltr'>semper</span> <span class='ocrx_word' id='word_1_225' title='bbox 603 1536 737 1565; x_wconf 85' lang='lat' dir='ltr'>adhibui.</span> <span class='ocrx_word' id='word_1_226' title='bbox 789 1536 851 1565; x_wconf 88' lang='lat' dir='ltr'>Ubi</span> <span class='ocrx_word' id='word_1_227' title='bbox 881 1541 983 1564; x_wconf 84' lang='lat' dir='ltr'>tamen</span> <span class='ocrx_word' id='word_1_228' title='bbox 1015 1544 1093 1572; x_wconf 91' lang='lat' dir='ltr'>quae</span> 
     </span>
     <span class='ocr_line' id='line_1_33' title="bbox 154 1578 1093 1616; baseline -0.003 -8"><span class='ocrx_word' id='word_1_229' title='bbox 154 1579 255 1608; x_wconf 87' lang='lat' dir='ltr'>omisit</span> <span class='ocrx_word' id='word_1_230' title='bbox 276 1580 473 1616; x_wconf 89' lang='lat' dir='ltr'>Raymundus</span> <span class='ocrx_word' id='word_1_231' title='bbox 501 1579 531 1607; x_wconf 91' lang='lat' dir='ltr'>in</span> <span class='ocrx_word' id='word_1_232' title='bbox 558 1579 641 1608; x_wconf 89' lang='lat' dir='ltr'>libris</span> <span class='ocrx_word' id='word_1_233' title='bbox 669 1578 898 1607; x_wconf 80' lang='lat' dir='ltr'>inveniebantur</span> <span class='ocrx_word' id='word_1_234' title='bbox 924 1578 1014 1606; x_wconf 91' lang='lat' dir='ltr'>totius</span> <span class='ocrx_word' id='word_1_235' title='bbox 1043 1578 1093 1606; x_wconf 89' lang='lat' dir='ltr'>de-</span> 
     </span>
     <span class='ocr_line' id='line_1_34' title="bbox 153 1621 1095 1660; baseline -0.002 -10"><span class='ocrx_word' id='word_1_236' title='bbox 153 1622 273 1650; x_wconf 89' lang='lat' dir='ltr'>cretalis</span> <span class='ocrx_word' id='word_1_237' title='bbox 292 1623 498 1660; x_wconf 84' lang='lat' dir='ltr'>apographum</span> <span class='ocrx_word' id='word_1_238' title='bbox 513 1622 740 1657; x_wconf 85' lang='lat' dir='ltr'>continentibus,</span> <span class='ocrx_word' id='word_1_239' title='bbox 759 1621 806 1650; x_wconf 91' lang='lat' dir='ltr'>his</span> <span class='ocrx_word' id='word_1_240' title='bbox 825 1631 890 1650; x_wconf 92' lang='lat' dir='ltr'>sum</span> <span class='ocrx_word' id='word_1_241' title='bbox 907 1630 985 1655; x_wconf 90' lang='lat' dir='ltr'>usus,</span> <span class='ocrx_word' id='word_1_242' title='bbox 1004 1621 1095 1649; x_wconf 81' lang='lat' dir='ltr'>variis</span> 
     </span>
     <span class='ocr_line' id='line_1_35' title="bbox 154 1663 1094 1702; baseline -0.003 -8"><span class='ocrx_word' id='word_1_243' title='bbox 154 1665 398 1702; x_wconf 79' lang='lat' dir='ltr'>compilationum</span> <span class='ocrx_word' id='word_1_244' title='bbox 438 1665 616 1694; x_wconf 89' lang='lat' dir='ltr'>lectionibus</span> <span class='ocrx_word' id='word_1_245' title='bbox 656 1674 774 1702; x_wconf 87' lang='lat' dir='ltr'>semper</span> <span class='ocrx_word' id='word_1_246' title='bbox 814 1663 934 1693; x_wconf 84' lang='lat' dir='ltr'>additis.</span> <span class='ocrx_word' id='word_1_247' title='bbox 1003 1663 1094 1700; x_wconf 87' lang='lat' dir='ltr'>Quod</span> 
     </span>
     <span class='ocr_line' id='line_1_36' title="bbox 153 1706 1093 1745; baseline -0.002 -9"><span class='ocrx_word' id='word_1_248' title='bbox 153 1708 254 1736; x_wconf 87' lang='lat' dir='ltr'>omisit</span> <span class='ocrx_word' id='word_1_249' title='bbox 284 1708 421 1743; x_wconf 88' lang='lat' dir='ltr'>Richter,</span> <span class='ocrx_word' id='word_1_250' title='bbox 458 1708 499 1736; x_wconf 90' lang='lat' dir='ltr'>ita</span> <span class='ocrx_word' id='word_1_251' title='bbox 534 1713 566 1736; x_wconf 92' lang='lat' dir='ltr'>ut</span> <span class='ocrx_word' id='word_1_252' title='bbox 602 1707 653 1745; x_wconf 91' lang='lat' dir='ltr'>qui</span> <span class='ocrx_word' id='word_1_253' title='bbox 686 1708 750 1736; x_wconf 88' lang='lat' dir='ltr'>eius</span> <span class='ocrx_word' id='word_1_254' title='bbox 782 1707 889 1736; x_wconf 82' lang='lat' dir='ltr'>evolvit</span> <span class='ocrx_word' id='word_1_255' title='bbox 921 1706 1093 1741; x_wconf 83' lang='lat' dir='ltr'>editionem,</span> 
     </span>
     <span class='ocr_line' id='line_1_37' title="bbox 153 1750 1094 1788; baseline -0.002 -9"><span class='ocrx_word' id='word_1_256' title='bbox 153 1760 318 1788; x_wconf 89' lang='lat' dir='ltr'>numquam</span> <span class='ocrx_word' id='word_1_257' title='bbox 333 1751 415 1785; x_wconf 80' lang='lat' dir='ltr'>sciat,</span> <span class='ocrx_word' id='word_1_258' title='bbox 434 1757 532 1779; x_wconf 91' lang='lat' dir='ltr'>utrum</span> <span class='ocrx_word' id='word_1_259' title='bbox 546 1751 742 1788; x_wconf 85' lang='lat' dir='ltr'>Raymundus</span> <span class='ocrx_word' id='word_1_260' title='bbox 758 1751 808 1788; x_wconf 90' lang='lat' dir='ltr'>qui</span> <span class='ocrx_word' id='word_1_261' title='bbox 824 1750 1094 1787; x_wconf 86' lang='lat' dir='ltr'>Compilationibus</span> 
     </span>
     <span class='ocr_line' id='line_1_38' title="bbox 155 1793 1094 1831; baseline -0.002 -9"><span class='ocrx_word' id='word_1_262' title='bbox 155 1794 225 1822; x_wconf 92' lang='lat' dir='ltr'>solis</span> <span class='ocrx_word' id='word_1_263' title='bbox 248 1803 318 1822; x_wconf 90' lang='lat' dir='ltr'>usus</span> <span class='ocrx_word' id='word_1_264' title='bbox 341 1800 385 1822; x_wconf 90' lang='lat' dir='ltr'>est</span> <span class='ocrx_word' id='word_1_265' title='bbox 405 1803 482 1831; x_wconf 88' lang='lat' dir='ltr'>quae</span> <span class='ocrx_word' id='word_1_266' title='bbox 500 1794 611 1822; x_wconf 85' lang='lat' dir='ltr'>omissa</span> <span class='ocrx_word' id='word_1_267' title='bbox 630 1799 697 1822; x_wconf 89' lang='lat' dir='ltr'>sunt</span> <span class='ocrx_word' id='word_1_268' title='bbox 716 1793 829 1822; x_wconf 87' lang='lat' dir='ltr'>noverit</span> <span class='ocrx_word' id='word_1_269' title='bbox 847 1802 904 1821; x_wconf 91' lang='lat' dir='ltr'>nec</span> <span class='ocrx_word' id='word_1_270' title='bbox 922 1802 972 1827; x_wconf 91' lang='lat' dir='ltr'>ne,</span> <span class='ocrx_word' id='word_1_271' title='bbox 995 1798 1094 1820; x_wconf 88' lang='lat' dir='ltr'>utrum</span> 
     </span>
     <span class='ocr_line' id='line_1_39' title="bbox 155 1836 1093 1875; baseline -0.002 -10"><span class='ocrx_word' id='word_1_272' title='bbox 155 1837 245 1875; x_wconf 89' lang='lat' dir='ltr'>igitur</span> <span class='ocrx_word' id='word_1_273' title='bbox 264 1837 336 1865; x_wconf 89' lang='lat' dir='ltr'>data</span> <span class='ocrx_word' id='word_1_274' title='bbox 351 1846 441 1874; x_wconf 86' lang='lat' dir='ltr'>opera</span> <span class='ocrx_word' id='word_1_275' title='bbox 460 1837 601 1871; x_wconf 85' lang='lat' dir='ltr'>omiserit,</span> <span class='ocrx_word' id='word_1_276' title='bbox 621 1846 659 1864; x_wconf 87' lang='lat' dir='ltr'>an</span> <span class='ocrx_word' id='word_1_277' title='bbox 678 1836 749 1874; x_wconf 88' lang='lat' dir='ltr'>quia</span> <span class='ocrx_word' id='word_1_278' title='bbox 770 1836 813 1864; x_wconf 91' lang='lat' dir='ltr'>illi</span> <span class='ocrx_word' id='word_1_279' title='bbox 832 1845 891 1864; x_wconf 90' lang='lat' dir='ltr'>non</span> <span class='ocrx_word' id='word_1_280' title='bbox 910 1840 995 1864; x_wconf 86' lang='lat' dir='ltr'>erant</span> <span class='ocrx_word' id='word_1_281' title='bbox 1015 1841 1093 1864; x_wconf 89' lang='lat' dir='ltr'>nota.</span> 
     </span>
     <span class='ocr_line' id='line_1_40' title="bbox 155 1879 1094 1917; baseline -0.002 -9"><span class='ocrx_word' id='word_1_282' title='bbox 155 1880 216 1908; x_wconf 90' lang='lat' dir='ltr'>Sed</span> <span class='ocrx_word' id='word_1_283' title='bbox 239 1880 297 1908; x_wconf 91' lang='lat' dir='ltr'>hoc</span> <span class='ocrx_word' id='word_1_284' title='bbox 319 1889 437 1917; x_wconf 91' lang='lat' dir='ltr'>quoque</span> <span class='ocrx_word' id='word_1_285' title='bbox 459 1879 660 1917; x_wconf 85' lang='lat' dir='ltr'>praetermisit</span> <span class='ocrx_word' id='word_1_286' title='bbox 678 1879 810 1914; x_wconf 88' lang='lat' dir='ltr'>Richter,</span> <span class='ocrx_word' id='word_1_287' title='bbox 833 1884 866 1907; x_wconf 88' lang='lat' dir='ltr'>ut</span> <span class='ocrx_word' id='word_1_288' title='bbox 889 1879 1037 1907; x_wconf 87' lang='lat' dir='ltr'>indicaret</span> <span class='ocrx_word' id='word_1_289' title='bbox 1056 1888 1094 1906; x_wconf 87' lang='lat' dir='ltr'>an</span> 
     </span>
     <span class='ocr_line' id='line_1_41' title="bbox 154 1921 1095 1960; baseline -0.002 -9"><span class='ocrx_word' id='word_1_290' title='bbox 154 1923 245 1951; x_wconf 77' lang='lat' dir='ltr'>verba</span> <span class='ocrx_word' id='word_1_291' title='bbox 270 1922 300 1950; x_wconf 89' lang='lat' dir='ltr'>in</span> <span class='ocrx_word' id='word_1_292' title='bbox 323 1922 454 1960; x_wconf 85' lang='lat' dir='ltr'>ipsarum</span> <span class='ocrx_word' id='word_1_293' title='bbox 477 1922 674 1951; x_wconf 83' lang='lat' dir='ltr'>decretalium</span> <span class='ocrx_word' id='word_1_294' title='bbox 701 1922 883 1960; x_wconf 82' lang='lat' dir='ltr'>apographis</span> <span class='ocrx_word' id='word_1_295' title='bbox 910 1921 1029 1950; x_wconf 79' lang='lat' dir='ltr'>inventa</span> <span class='ocrx_word' id='word_1_296' title='bbox 1054 1927 1095 1949; x_wconf 87' lang='lat' dir='ltr'>at-</span> 
     </span>
     <span class='ocr_line' id='line_1_42' title="bbox 156 1964 1095 2003; baseline -0.002 -9"><span class='ocrx_word' id='word_1_297' title='bbox 156 1975 214 2003; x_wconf 89' lang='lat' dir='ltr'>que</span> <span class='ocrx_word' id='word_1_298' title='bbox 242 1965 273 1993; x_wconf 92' lang='lat' dir='ltr'>in</span> <span class='ocrx_word' id='word_1_299' title='bbox 296 1965 514 2003; x_wconf 86' lang='lat' dir='ltr'>Gregorianum</span> <span class='ocrx_word' id='word_1_300' title='bbox 541 1971 657 1994; x_wconf 86' lang='lat' dir='ltr'>textum</span> <span class='ocrx_word' id='word_1_301' title='bbox 682 1965 792 1993; x_wconf 86' lang='lat' dir='ltr'>inserta</span> <span class='ocrx_word' id='word_1_302' title='bbox 820 1965 851 1993; x_wconf 90' lang='lat' dir='ltr'>in</span> <span class='ocrx_word' id='word_1_303' title='bbox 875 1964 1095 2002; x_wconf 91' lang='lat' dir='ltr'>Compilatione</span> 
     </span>
     <span class='ocr_line' id='line_1_43' title="bbox 155 2005 1095 2046; baseline -0.001 -10"><span class='ocrx_word' id='word_1_304' title='bbox 155 2009 264 2037; x_wconf 87' lang='lat' dir='ltr'>eadem</span> <span class='ocrx_word' id='word_1_305' title='bbox 283 2013 443 2036; x_wconf 81' lang='lat' dir='ltr'>exstarent.</span> <span class='ocrx_word' id='word_1_306' title='bbox 488 2009 577 2036; x_wconf 89' lang='lat' dir='ltr'>Hanc</span> <span class='ocrx_word' id='word_1_307' title='bbox 595 2009 633 2037; x_wconf 94' lang='lat' dir='ltr'>ob</span> <span class='ocrx_word' id='word_1_308' title='bbox 656 2018 778 2036; x_wconf 89' lang='lat' dir='ltr'>causam</span> <span class='ocrx_word' id='word_1_309' title='bbox 801 2007 943 2045; x_wconf 89' lang='lat' dir='ltr'>equidem</span> <span class='ocrx_word' id='word_1_310' title='bbox 965 2007 1050 2035; x_wconf 87' lang='lat' dir='ltr'>uncis</span> <span class='ocrx_word' id='word_1_311' title='bbox 1069 2005 1095 2046; x_wconf 87' lang='lat'>[]</span> 
     </span>
     <span class='ocr_line' id='line_1_44' title="bbox 156 2050 1095 2088; baseline -0.003 -8"><span class='ocrx_word' id='word_1_312' title='bbox 156 2051 262 2080; x_wconf 91' lang='lat' dir='ltr'>inclusi</span> <span class='ocrx_word' id='word_1_313' title='bbox 286 2060 334 2085; x_wconf 86' lang='lat' dir='ltr'>ea,</span> <span class='ocrx_word' id='word_1_314' title='bbox 357 2060 435 2088; x_wconf 85' lang='lat' dir='ltr'>quae</span> <span class='ocrx_word' id='word_1_315' title='bbox 459 2051 489 2079; x_wconf 90' lang='lat' dir='ltr'>in</span> <span class='ocrx_word' id='word_1_316' title='bbox 512 2051 722 2088; x_wconf 83' lang='lat' dir='ltr'>compilatione</span> <span class='ocrx_word' id='word_1_317' title='bbox 741 2060 859 2088; x_wconf 88' lang='lat' dir='ltr'>quoque</span> <span class='ocrx_word' id='word_1_318' title='bbox 879 2050 1095 2079; x_wconf 85' lang='lat' dir='ltr'>desiderantur.</span> 
     </span>
     <span class='ocr_line' id='line_1_45' title="bbox 155 2092 1095 2131; baseline -0.003 -8"><span class='ocrx_word' id='word_1_319' title='bbox 155 2095 198 2124; x_wconf 90' lang='lat' dir='ltr'>Ut</span> <span class='ocrx_word' id='word_1_320' title='bbox 228 2103 298 2122; x_wconf 78' lang='lat' dir='ltr'>vero</span> <span class='ocrx_word' id='word_1_321' title='bbox 329 2103 406 2131; x_wconf 88' lang='lat' dir='ltr'>quae</span> <span class='ocrx_word' id='word_1_322' title='bbox 438 2094 549 2122; x_wconf 90' lang='lat' dir='ltr'>inserui</span> <span class='ocrx_word' id='word_1_323' title='bbox 582 2103 599 2122; x_wconf 90' lang='lat' dir='ltr'>a</span> <span class='ocrx_word' id='word_1_324' title='bbox 631 2093 817 2131; x_wconf 85' lang='lat' dir='ltr'>Gregoriano</span> <span class='ocrx_word' id='word_1_325' title='bbox 848 2098 933 2121; x_wconf 84' lang='lat' dir='ltr'>textu</span> <span class='ocrx_word' id='word_1_326' title='bbox 966 2092 1095 2121; x_wconf 87' lang='lat' dir='ltr'>discerni</span> 
     </span>
     <span class='ocr_line' id='line_1_46' title="bbox 154 2135 1095 2177; baseline -0.004 -10"><span class='ocrx_word' id='word_1_327' title='bbox 154 2144 288 2176; x_wconf 89' lang='lat' dir='ltr'>possent,</span> <span class='ocrx_word' id='word_1_328' title='bbox 321 2137 372 2165; x_wconf 87' lang='lat' dir='ltr'>illa</span> <span class='ocrx_word' id='word_1_329' title='bbox 404 2137 513 2165; x_wconf 86' lang='lat' dir='ltr'>italicis</span> <span class='ocrx_word' id='word_1_330' title='bbox 545 2146 618 2173; x_wconf 92' lang='lat' dir='ltr'>quos</span> <span class='ocrx_word' id='word_1_331' title='bbox 649 2142 756 2177; x_wconf 58' lang='lat' dir='ltr'>vocant</span> <span class='ocrx_word' id='word_1_332' title='bbox 786 2136 865 2173; x_wconf 88' lang='lat' dir='ltr'>typis</span> <span class='ocrx_word' id='word_1_333' title='bbox 897 2135 1095 2173; x_wconf 81' lang='lat' dir='ltr'>exprimenda</span> 
     </span>
     <span class='ocr_line' id='line_1_47' title="bbox 156 2178 1095 2216; baseline -0.004 -6"><span class='ocrx_word' id='word_1_334' title='bbox 156 2181 265 2210; x_wconf 80' lang='lat' dir='ltr'>curavi.</span> <span class='ocrx_word' id='word_1_335' title='bbox 284 2198 325 2201; x_wconf 85' lang='lat'><strong>—</strong></span> <span class='ocrx_word' id='word_1_336' title='bbox 344 2180 405 2209; x_wconf 88' lang='lat' dir='ltr'>Sed</span> <span class='ocrx_word' id='word_1_337' title='bbox 428 2180 488 2208; x_wconf 86' lang='lat' dir='ltr'>alia</span> <span class='ocrx_word' id='word_1_338' title='bbox 511 2188 629 2216; x_wconf 90' lang='lat' dir='ltr'>quoque</span> <span class='ocrx_word' id='word_1_339' title='bbox 653 2179 683 2207; x_wconf 94' lang='lat' dir='ltr'>in</span> <span class='ocrx_word' id='word_1_340' title='bbox 710 2188 741 2207; x_wconf 93' lang='lat' dir='ltr'>re</span> <span class='ocrx_word' id='word_1_341' title='bbox 759 2178 895 2207; x_wconf 88' lang='lat' dir='ltr'>Richteri</span> <span class='ocrx_word' id='word_1_342' title='bbox 923 2179 1095 2215; x_wconf 80' lang='lat' dir='ltr'>exemplum</span> 
     </span>
     <span class='ocr_line' id='line_1_48' title="bbox 157 2221 1095 2259; baseline -0.004 -6"><span class='ocrx_word' id='word_1_343' title='bbox 157 2234 217 2253; x_wconf 90' lang='lat' dir='ltr'>non</span> <span class='ocrx_word' id='word_1_344' title='bbox 248 2228 366 2252; x_wconf 88' lang='lat' dir='ltr'>secutus</span> <span class='ocrx_word' id='word_1_345' title='bbox 397 2232 474 2258; x_wconf 67' lang='lat' dir='ltr'>sum,</span> <span class='ocrx_word' id='word_1_346' title='bbox 506 2222 648 2259; x_wconf 87' lang='lat' dir='ltr'>equidem</span> <span class='ocrx_word' id='word_1_347' title='bbox 675 2221 756 2250; x_wconf 91' lang='lat' dir='ltr'>enim</span> <span class='ocrx_word' id='word_1_348' title='bbox 784 2230 902 2258; x_wconf 89' lang='lat' dir='ltr'>semper</span> <span class='ocrx_word' id='word_1_349' title='bbox 929 2221 1095 2250; x_wconf 85' lang='lat' dir='ltr'>decretales</span> 
     </span>
     <span class='ocr_line' id='line_1_49' title="bbox 155 2263 1096 2305; baseline -0.004 -9"><span class='ocrx_word' id='word_1_350' title='bbox 155 2276 250 2305; x_wconf 89' lang='lat' dir='ltr'>usque</span> <span class='ocrx_word' id='word_1_351' title='bbox 274 2267 314 2295; x_wconf 87' lang='lat' dir='ltr'>ad</span> <span class='ocrx_word' id='word_1_352' title='bbox 337 2267 434 2300; x_wconf 84' lang='lat' dir='ltr'>finem,</span> <span class='ocrx_word' id='word_1_353' title='bbox 454 2265 505 2303; x_wconf 89' lang='lat' dir='ltr'>qui</span> <span class='ocrx_word' id='word_1_354' title='bbox 524 2265 583 2293; x_wconf 91' lang='lat' dir='ltr'>illis</span> <span class='ocrx_word' id='word_1_355' title='bbox 603 2264 632 2292; x_wconf 92' lang='lat' dir='ltr'>in</span> <span class='ocrx_word' id='word_1_356' title='bbox 653 2264 922 2301; x_wconf 87' lang='lat' dir='ltr'>Compilationibus</span> <span class='ocrx_word' id='word_1_357' title='bbox 941 2263 1096 2301; x_wconf 86' lang='lat' dir='ltr'>impositus</span> 
     </span>
     <span class='ocr_line' id='line_1_50' title="bbox 158 2307 1095 2346; baseline -0.005 -7"><span class='ocrx_word' id='word_1_358' title='bbox 158 2316 215 2345; x_wconf 91' lang='lat' dir='ltr'>est,</span> <span class='ocrx_word' id='word_1_359' title='bbox 243 2309 466 2343; x_wconf 79' lang='lat' dir='ltr'>exscribebam,</span> <span class='ocrx_word' id='word_1_360' title='bbox 498 2308 579 2346; x_wconf 92' lang='lat' dir='ltr'>quod</span> <span class='ocrx_word' id='word_1_361' title='bbox 607 2307 688 2336; x_wconf 91' lang='lat' dir='ltr'>idem</span> <span class='ocrx_word' id='word_1_362' title='bbox 715 2307 807 2335; x_wconf 88' lang='lat' dir='ltr'>etiam</span> <span class='ocrx_word' id='word_1_363' title='bbox 837 2307 997 2335; x_wconf 89' lang='lat' dir='ltr'>Richterus</span> <span class='ocrx_word' id='word_1_364' title='bbox 1024 2316 1095 2335; x_wconf 90' lang='lat' dir='ltr'>non-</span> 
     </span>
     <span class='ocr_line' id='line_1_51' title="bbox 158 2349 1095 2390; baseline -0.005 -8"><span class='ocrx_word' id='word_1_365' title='bbox 158 2362 322 2390; x_wconf 88' lang='lat' dir='ltr'>numquam</span> <span class='ocrx_word' id='word_1_366' title='bbox 372 2352 454 2386; x_wconf 82' lang='lat' dir='ltr'>fecit‚</span> <span class='ocrx_word' id='word_1_367' title='bbox 499 2357 601 2379; x_wconf 88' lang='lat' dir='ltr'>tamen</span> <span class='ocrx_word' id='word_1_368' title='bbox 651 2350 800 2379; x_wconf 90' lang='lat' dir='ltr'>interdum</span> <span class='ocrx_word' id='word_1_369' title='bbox 842 2353 867 2378; x_wconf 85' lang='lat' dir='ltr'>et</span> <span class='ocrx_word' id='word_1_370' title='bbox 906 2353 953 2378; x_wconf 84' lang='lat' dir='ltr'>cet.</span> <span class='ocrx_word' id='word_1_371' title='bbox 996 2349 1095 2378; x_wconf 86' lang='lat' dir='ltr'>verbis</span> 
     </span>
     <span class='ocr_line' id='line_1_52' title="bbox 157 2393 1094 2430; baseline -0.004 -6"><span class='ocrx_word' id='word_1_372' title='bbox 157 2396 270 2424; x_wconf 88' lang='lat' dir='ltr'>utendo</span> <span class='ocrx_word' id='word_1_373' title='bbox 298 2395 420 2430; x_wconf 90' lang='lat' dir='ltr'>indicat,</span> <span class='ocrx_word' id='word_1_374' title='bbox 449 2394 631 2423; x_wconf 84' lang='lat' dir='ltr'>decretalem</span> <span class='ocrx_word' id='word_1_375' title='bbox 659 2402 717 2421; x_wconf 91' lang='lat' dir='ltr'>non</span> <span class='ocrx_word' id='word_1_376' title='bbox 745 2393 806 2421; x_wconf 85' lang='lat' dir='ltr'>iam</span> <span class='ocrx_word' id='word_1_377' title='bbox 834 2393 1002 2421; x_wconf 83' lang='lat' dir='ltr'>absolutam</span> <span class='ocrx_word' id='word_1_378' title='bbox 1029 2402 1094 2421; x_wconf 90' lang='lat' dir='ltr'>esse</span> 
     </span>
     <span class='ocr_line' id='line_1_53' title="bbox 158 2435 1094 2473; baseline -0.005 -5"><span class='ocrx_word' id='word_1_379' title='bbox 158 2448 218 2468; x_wconf 91' lang='lat' dir='ltr'>non</span> <span class='ocrx_word' id='word_1_380' title='bbox 250 2439 374 2472; x_wconf 81' lang='lat' dir='ltr'>addens,</span> <span class='ocrx_word' id='word_1_381' title='bbox 410 2444 508 2466; x_wconf 89' lang='lat' dir='ltr'>utrum</span> <span class='ocrx_word' id='word_1_382' title='bbox 544 2437 660 2473; x_wconf 87' lang='lat' dir='ltr'>reliqua</span> <span class='ocrx_word' id='word_1_383' title='bbox 691 2436 782 2464; x_wconf 80' lang='lat' dir='ltr'>verba</span> <span class='ocrx_word' id='word_1_384' title='bbox 821 2435 1029 2464; x_wconf 86' lang='lat' dir='ltr'>tantummodo</span> <span class='ocrx_word' id='word_1_385' title='bbox 1065 2435 1094 2463; x_wconf 92' lang='lat' dir='ltr'>in</span> 
     </span>
     <span class='ocr_line' id='line_1_54' title="bbox 157 2478 1095 2520; baseline -0.005 -10"><span class='ocrx_word' id='word_1_386' title='bbox 157 2482 331 2520; x_wconf 87' lang='lat' dir='ltr'>apographo</span> <span class='ocrx_word' id='word_1_387' title='bbox 346 2491 384 2510; x_wconf 84' lang='lat' dir='ltr'>an</span> <span class='ocrx_word' id='word_1_388' title='bbox 403 2481 494 2509; x_wconf 83' lang='lat' dir='ltr'>etiam</span> <span class='ocrx_word' id='word_1_389' title='bbox 514 2480 545 2508; x_wconf 89' lang='lat' dir='ltr'>in</span> <span class='ocrx_word' id='word_1_390' title='bbox 564 2478 774 2516; x_wconf 86' lang='lat' dir='ltr'>compilatione</span> <span class='ocrx_word' id='word_1_391' title='bbox 794 2478 989 2506; x_wconf 83' lang='lat' dir='ltr'>inveniantur.</span> <span class='ocrx_word' id='word_1_392' title='bbox 1014 2478 1095 2514; x_wconf 85' lang='lat' dir='ltr'>Qua-</span> 
     </span>
     <span class='ocr_line' id='line_1_55' title="bbox 158 2520 1094 2562; baseline -0.005 -9"><span class='ocrx_word' id='word_1_393' title='bbox 158 2525 196 2553; x_wconf 92' lang='lat' dir='ltr'>lis</span> <span class='ocrx_word' id='word_1_394' title='bbox 224 2524 314 2562; x_wconf 86' lang='lat' dir='ltr'>igitur</span> <span class='ocrx_word' id='word_1_395' title='bbox 341 2523 500 2553; x_wconf 85' lang='lat' dir='ltr'>decretalis</span> <span class='ocrx_word' id='word_1_396' title='bbox 529 2523 559 2551; x_wconf 91' lang='lat' dir='ltr'>in</span> <span class='ocrx_word' id='word_1_397' title='bbox 586 2521 797 2559; x_wconf 86' lang='lat' dir='ltr'>compilatione</span> <span class='ocrx_word' id='word_1_398' title='bbox 825 2521 870 2556; x_wconf 92' lang='lat' dir='ltr'>sit,</span> <span class='ocrx_word' id='word_1_399' title='bbox 898 2530 935 2549; x_wconf 84' lang='lat' dir='ltr'>ex</span> <span class='ocrx_word' id='word_1_400' title='bbox 960 2520 1094 2549; x_wconf 90' lang='lat' dir='ltr'>Richteri</span> 
     </span>
     <span class='ocr_line' id='line_1_56' title="bbox 157 2567 1095 2604; baseline -0.005 -8"><span class='ocrx_word' id='word_1_401' title='bbox 157 2567 290 2596; x_wconf 86' lang='lat' dir='ltr'>editione</span> <span class='ocrx_word' id='word_1_402' title='bbox 318 2576 494 2604; x_wconf 82' lang='lat' dir='ltr'>numquam,</span> <span class='ocrx_word' id='word_1_403' title='bbox 522 2575 560 2594; x_wconf 86' lang='lat' dir='ltr'>ex</span> <span class='ocrx_word' id='word_1_404' title='bbox 589 2574 665 2599; x_wconf 86' lang='lat' dir='ltr'>mea,</span> <span class='ocrx_word' id='word_1_405' title='bbox 697 2569 729 2592; x_wconf 86' lang='lat' dir='ltr'>ut</span> <span class='ocrx_word' id='word_1_406' title='bbox 756 2573 854 2601; x_wconf 90' lang='lat' dir='ltr'>spero,</span> <span class='ocrx_word' id='word_1_407' title='bbox 882 2573 1000 2601; x_wconf 88' lang='lat' dir='ltr'>semper</span> <span class='ocrx_word' id='word_1_408' title='bbox 1030 2572 1095 2601; x_wconf 87' lang='lat' dir='ltr'>per-</span> 
     </span>
     <span class='ocr_line' id='line_1_57' title="bbox 158 2610 289 2648; baseline -0.008 -9"><span class='ocrx_word' id='word_1_409' title='bbox 158 2610 289 2648; x_wconf 87' lang='lat' dir='ltr'>spicitur.</span> 
     </span>
    </p>

    <p class='ocr_par' dir='ltr' id='par_1_4' title="bbox 157 2649 1095 2945">
     <span class='ocr_line' id='line_1_58' title="bbox 224 2649 1095 2690; baseline -0.005 -9"><span class='ocrx_word' id='word_1_410' title='bbox 224 2655 263 2681; x_wconf 77' lang='lat' dir='ltr'>At</span> <span class='ocrx_word' id='word_1_411' title='bbox 290 2658 373 2690; x_wconf 88' lang='lat' dir='ltr'>patet</span> <span class='ocrx_word' id='word_1_412' title='bbox 400 2652 455 2680; x_wconf 91' lang='lat' dir='ltr'>tibi</span> <span class='ocrx_word' id='word_1_413' title='bbox 483 2650 585 2689; x_wconf 83' lang='lat' dir='ltr'>magni</span> <span class='ocrx_word' id='word_1_414' title='bbox 613 2649 755 2678; x_wconf 85' lang='lat' dir='ltr'>momenti</span> <span class='ocrx_word' id='word_1_415' title='bbox 783 2659 848 2677; x_wconf 87' lang='lat' dir='ltr'>esse</span> <span class='ocrx_word' id='word_1_416' title='bbox 876 2649 964 2683; x_wconf 90' lang='lat' dir='ltr'>scire,</span> <span class='ocrx_word' id='word_1_417' title='bbox 996 2655 1095 2677; x_wconf 90' lang='lat' dir='ltr'>utrum</span> 
     </span>
     <span class='ocr_line' id='line_1_59' title="bbox 158 2692 1094 2734; baseline -0.006 -9"><span class='ocrx_word' id='word_1_418' title='bbox 158 2696 356 2734; x_wconf 82' lang='lat' dir='ltr'>Raymundus</span> <span class='ocrx_word' id='word_1_419' title='bbox 392 2695 456 2732; x_wconf 90' lang='lat' dir='ltr'>ipse</span> <span class='ocrx_word' id='word_1_420' title='bbox 491 2704 522 2723; x_wconf 89' lang='lat' dir='ltr'>se</span> <span class='ocrx_word' id='word_1_421' title='bbox 559 2693 710 2731; x_wconf 84' lang='lat' dir='ltr'>quaedam</span> <span class='ocrx_word' id='word_1_422' title='bbox 746 2692 882 2720; x_wconf 85' lang='lat' dir='ltr'>omisisse</span> <span class='ocrx_word' id='word_1_423' title='bbox 918 2697 1020 2729; x_wconf 85' lang='lat' dir='ltr'>aperte</span> <span class='ocrx_word' id='word_1_424' title='bbox 1053 2692 1094 2720; x_wconf 92' lang='lat' dir='ltr'>in-</span> 
     </span>
     <span class='ocr_line' id='line_1_60' title="bbox 161 2735 1094 2774; baseline -0.006 -6"><span class='ocrx_word' id='word_1_425' title='bbox 161 2739 313 2774; x_wconf 82' lang='lat' dir='ltr'>dicaverit,</span> <span class='ocrx_word' id='word_1_426' title='bbox 337 2748 375 2767; x_wconf 91' lang='lat' dir='ltr'>an</span> <span class='ocrx_word' id='word_1_427' title='bbox 398 2737 518 2766; x_wconf 89' lang='lat' dir='ltr'>silentio</span> <span class='ocrx_word' id='word_1_428' title='bbox 536 2735 730 2774; x_wconf 88' lang='lat' dir='ltr'>praeterierit.</span> <span class='ocrx_word' id='word_1_429' title='bbox 790 2735 851 2771; x_wconf 88' lang='lat' dir='ltr'>Qui</span> <span class='ocrx_word' id='word_1_430' title='bbox 874 2740 1094 2763; x_wconf 88' lang='lat' dir='ltr'>antecessorum</span> 
     </span>
     <span class='ocr_line' id='line_1_61' title="bbox 160 2777 1095 2819; baseline -0.005 -9"><span class='ocrx_word' id='word_1_431' title='bbox 160 2782 301 2819; x_wconf 80' lang='lat' dir='ltr'>exempla</span> <span class='ocrx_word' id='word_1_432' title='bbox 333 2786 452 2810; x_wconf 89' lang='lat' dir='ltr'>secutus</span> <span class='ocrx_word' id='word_1_433' title='bbox 479 2784 504 2809; x_wconf 83' lang='lat' dir='ltr'>et</span> <span class='ocrx_word' id='word_1_434' title='bbox 535 2780 619 2817; x_wconf 83' lang='lat' dir='ltr'>infra</span> <span class='ocrx_word' id='word_1_435' title='bbox 645 2778 744 2807; x_wconf 77' lang='lat' dir='ltr'>verbis</span> <span class='ocrx_word' id='word_1_436' title='bbox 777 2777 807 2805; x_wconf 93' lang='lat' dir='ltr'>in</span> <span class='ocrx_word' id='word_1_437' title='bbox 833 2783 949 2806; x_wconf 88' lang='lat' dir='ltr'>textum</span> <span class='ocrx_word' id='word_1_438' title='bbox 977 2777 1095 2806; x_wconf 85' lang='lat' dir='ltr'>insertis</span> 
     </span>
     <span class='ocr_line' id='line_1_62' title="bbox 157 2820 1095 2857; baseline -0.007 -3"><span class='ocrx_word' id='word_1_439' title='bbox 157 2825 300 2854; x_wconf 88' lang='lat' dir='ltr'>lectorem</span> <span class='ocrx_word' id='word_1_440' title='bbox 324 2824 479 2853; x_wconf 88' lang='lat' dir='ltr'>certiorem</span> <span class='ocrx_word' id='word_1_441' title='bbox 502 2822 629 2851; x_wconf 87' lang='lat' dir='ltr'>reddere</span> <span class='ocrx_word' id='word_1_442' title='bbox 651 2821 754 2855; x_wconf 82' lang='lat' dir='ltr'>voluit,</span> <span class='ocrx_word' id='word_1_443' title='bbox 777 2821 835 2849; x_wconf 88' lang='lat' dir='ltr'>hoc</span> <span class='ocrx_word' id='word_1_444' title='bbox 857 2820 922 2848; x_wconf 90' lang='lat' dir='ltr'>loco</span> <span class='ocrx_word' id='word_1_445' title='bbox 944 2820 1095 2857; x_wconf 87' lang='lat' dir='ltr'>quaedam</span> 
     </span>
     <span class='ocr_line' id='line_1_63' title="bbox 161 2863 1095 2899; baseline -0.005 -2"><span class='ocrx_word' id='word_1_446' title='bbox 161 2867 336 2897; x_wconf 88' lang='lat' dir='ltr'>desiderari.</span> <span class='ocrx_word' id='word_1_447' title='bbox 389 2867 423 2895; x_wconf 90' lang='lat' dir='ltr'>In</span> <span class='ocrx_word' id='word_1_448' title='bbox 449 2865 645 2895; x_wconf 84' lang='lat' dir='ltr'>Richteriana</span> <span class='ocrx_word' id='word_1_449' title='bbox 677 2863 809 2893; x_wconf 86' lang='lat' dir='ltr'>editione</span> <span class='ocrx_word' id='word_1_450' title='bbox 837 2866 863 2891; x_wconf 83' lang='lat' dir='ltr'>et</span> <span class='ocrx_word' id='word_1_451' title='bbox 889 2863 973 2899; x_wconf 76' lang='lat' dir='ltr'>infra</span> <span class='ocrx_word' id='word_1_452' title='bbox 1003 2864 1095 2892; x_wconf 84' lang='lat' dir='ltr'>verba</span> 
     </span>
     <span class='ocr_line' id='line_1_64' title="bbox 161 2905 1095 2945; baseline -0.006 -6"><span class='ocrx_word' id='word_1_453' title='bbox 161 2910 288 2945; x_wconf 81' lang='lat' dir='ltr'>invenis,</span> <span class='ocrx_word' id='word_1_454' title='bbox 311 2909 363 2938; x_wconf 91' lang='lat' dir='ltr'>ubi</span> <span class='ocrx_word' id='word_1_455' title='bbox 382 2908 490 2938; x_wconf 89' lang='lat' dir='ltr'>editori</span> <span class='ocrx_word' id='word_1_456' title='bbox 513 2909 636 2937; x_wconf 89' lang='lat' dir='ltr'>lacunas</span> <span class='ocrx_word' id='word_1_457' title='bbox 655 2907 792 2945; x_wconf 87' lang='lat' dir='ltr'>supplere</span> <span class='ocrx_word' id='word_1_458' title='bbox 816 2915 875 2934; x_wconf 92' lang='lat' dir='ltr'>non</span> <span class='ocrx_word' id='word_1_459' title='bbox 898 2905 1020 2940; x_wconf 87' lang='lat' dir='ltr'>licebat,</span> <span class='ocrx_word' id='word_1_460' title='bbox 1043 2906 1095 2934; x_wconf 90' lang='lat' dir='ltr'>ubi</span> 
     </span>
    </p>
   </div>
   <div class='ocr_carea' id='block_1_3' title="bbox 646 182 1543 209">
    <p class='ocr_par' dir='ltr' id='par_1_5' title="bbox 646 182 1543 209">
     <span class='ocr_line' id='line_1_65' title="bbox 646 182 1543 209; baseline 0.001 -2"><span class='ocrx_word' id='word_1_461' title='bbox 646 182 697 207; x_wconf 84' lang='lat' dir='ltr'>DE</span> <span class='ocrx_word' id='word_1_462' title='bbox 715 182 794 207; x_wconf 76' lang='lat' dir='ltr'>MEA</span> <span class='ocrx_word' id='word_1_463' title='bbox 813 182 991 208; x_wconf 81' lang='lat' dir='ltr'>EDITIONE</span> <span class='ocrx_word' id='word_1_464' title='bbox 1010 182 1281 208; x_wconf 73' lang='lat' dir='ltr'>DECRETALIUM</span> <span class='ocrx_word' id='word_1_465' title='bbox 1300 183 1478 209; x_wconf 85' lang='lat' dir='ltr'>GREGORII</span> <span class='ocrx_word' id='word_1_466' title='bbox 1497 183 1543 208; x_wconf 78' lang='lat' dir='ltr'>lx.</span> 
     </span>
    </p>
   </div>
   <div class='ocr_carea' id='block_1_4' title="bbox 1106 332 1658 375">
    <p class='ocr_par' dir='ltr' id='par_1_6' title="bbox 1106 332 1658 375">
     <span class='ocr_line' id='line_1_66' title="bbox 1106 332 1658 375; baseline 0.004 -11"><span class='ocrx_word' id='word_1_467' title='bbox 1106 332 1220 374; x_wconf 74' lang='lat' dir='ltr'>&#39;possis</span> <span class='ocrx_word' id='word_1_468' title='bbox 1256 348 1346 375; x_wconf 87' lang='lat' dir='ltr'>quam</span> <span class='ocrx_word' id='word_1_469' title='bbox 1382 348 1420 366; x_wconf 85' lang='lat' dir='ltr'>ex</span> <span class='ocrx_word' id='word_1_470' title='bbox 1456 338 1658 367; x_wconf 87' lang='lat' dir='ltr'>Richteriana.</span> 
     </span>
    </p>
   </div>
   <div class='ocr_carea' id='block_1_5' title="bbox 1108 258 1115 3026">
    <p class='ocr_par' dir='ltr' id='par_1_7' title="bbox 1108 258 1115 3026">
     <span class='ocr_line' id='line_1_67' title="bbox 1108 258 1115 3026; baseline 0 0"><span class='ocrx_word' id='word_1_471' title='bbox 1108 258 1115 3026; x_wconf 95' lang='lat' dir='ltr'> </span> 
     </span>
    </p>
   </div>
   <div class='ocr_carea' id='block_1_6' title="bbox 159 2948 1095 3025">
    <p class='ocr_par' dir='ltr' id='par_1_8' title="bbox 159 2948 1095 3025">
     <span class='ocr_line' id='line_1_68' title="bbox 160 2948 1095 2991; baseline -0.006 -9"><span class='ocrx_word' id='word_1_472' title='bbox 160 2963 217 2991; x_wconf 86' lang='lat' dir='ltr'>ego</span> <span class='ocrx_word' id='word_1_473' title='bbox 244 2962 362 2990; x_wconf 92' lang='lat' dir='ltr'>quoque</span> <span class='ocrx_word' id='word_1_474' title='bbox 391 2952 446 2980; x_wconf 91' lang='lat' dir='ltr'>ista</span> <span class='ocrx_word' id='word_1_475' title='bbox 473 2952 564 2980; x_wconf 86' lang='lat' dir='ltr'>verba</span> <span class='ocrx_word' id='word_1_476' title='bbox 592 2950 622 2979; x_wconf 89' lang='lat' dir='ltr'>in</span> <span class='ocrx_word' id='word_1_477' title='bbox 649 2956 734 2979; x_wconf 84' lang='lat' dir='ltr'>textu</span> <span class='ocrx_word' id='word_1_478' title='bbox 766 2948 887 2977; x_wconf 76' lang='lat' dir='ltr'>servavi.</span> <span class='ocrx_word' id='word_1_479' title='bbox 940 2948 1001 2977; x_wconf 91' lang='lat' dir='ltr'>Ubi</span> <span class='ocrx_word' id='word_1_480' title='bbox 1026 2958 1095 2977; x_wconf 86' lang='lat' dir='ltr'>vero</span> 
     </span>
     <span class='ocr_line' id='line_1_69' title="bbox 159 2991 1094 3025; baseline -0.004 -1"><span class='ocrx_word' id='word_1_481' title='bbox 159 2996 304 3024; x_wconf 90' lang='lat' dir='ltr'>Richtero</span> <span class='ocrx_word' id='word_1_482' title='bbox 331 2994 533 3024; x_wconf 88' lang='lat' dir='ltr'>desideranda</span> <span class='ocrx_word' id='word_1_483' title='bbox 560 2994 652 3023; x_wconf 80' lang='lat' dir='ltr'>verba</span> <span class='ocrx_word' id='word_1_484' title='bbox 680 2993 784 3021; x_wconf 85' lang='lat' dir='ltr'>afferre</span> <span class='ocrx_word' id='word_1_485' title='bbox 807 2991 930 3025; x_wconf 81' lang='lat' dir='ltr'>licebat,</span> <span class='ocrx_word' id='word_1_486' title='bbox 959 2995 984 3019; x_wconf 83' lang='lat' dir='ltr'>el</span> <span class='ocrx_word' id='word_1_487' title='bbox 1010 2992 1039 3019; x_wconf 79' lang='lat' dir='ltr'>in</span> <span class='ocrx_word' id='word_1_488' title='bbox 1058 3002 1094 3020; x_wconf 85' lang='lat' dir='ltr'>ra</span> 
     </span>
    </p>
   </div>
   <div class='ocr_carea' id='block_1_7' title="bbox 1977 183 2069 210">
    <p class='ocr_par' dir='ltr' id='par_1_9' title="bbox 1977 183 2069 210">
     <span class='ocr_line' id='line_1_70' title="bbox 1977 183 2069 210; baseline 0.011 -1"><span class='ocrx_word' id='word_1_489' title='bbox 1977 183 2069 210; x_wconf 73' lang='lat' dir='ltr'>XLVI</span> 
     </span>
    </p>
   </div>
   <div class='ocr_carea' id='block_1_8' title="bbox 1125 253 2064 674">
    <p class='ocr_par' dir='ltr' id='par_1_10' title="bbox 1125 253 2064 631">
     <span class='ocr_line' id='line_1_71' title="bbox 1125 253 2063 290; baseline 0.002 -10"><span class='ocrx_word' id='word_1_490' title='bbox 1125 253 1215 280; x_wconf 80' lang='lat' dir='ltr'>verba</span> <span class='ocrx_word' id='word_1_491' title='bbox 1235 253 1504 290; x_wconf 83' lang='lat' dir='ltr'>praetermittebat,</span> <span class='ocrx_word' id='word_1_492' title='bbox 1523 262 1581 290; x_wconf 93' lang='lat' dir='ltr'>qua</span> <span class='ocrx_word' id='word_1_493' title='bbox 1602 253 1640 281; x_wconf 91' lang='lat' dir='ltr'>de</span> <span class='ocrx_word' id='word_1_494' title='bbox 1660 262 1749 281; x_wconf 87' lang='lat' dir='ltr'>causa</span> <span class='ocrx_word' id='word_1_495' title='bbox 1770 253 1881 281; x_wconf 87' lang='lat' dir='ltr'>factum</span> <span class='ocrx_word' id='word_1_496' title='bbox 1900 259 1956 288; x_wconf 85' lang='lat' dir='ltr'>est,</span> <span class='ocrx_word' id='word_1_497' title='bbox 1975 260 2006 282; x_wconf 88' lang='lat' dir='ltr'>ut</span> <span class='ocrx_word' id='word_1_498' title='bbox 2026 264 2063 282; x_wconf 80' lang='lat' dir='ltr'>ex</span> 
     </span>
     <span class='ocr_line' id='line_1_72' title="bbox 1125 295 2062 325; baseline 0.002 -2"><span class='ocrx_word' id='word_1_499' title='bbox 1125 295 1327 323; x_wconf 72' lang='lat' dir='ltr'>BOluneriana</span> <span class='ocrx_word' id='word_1_500' title='bbox 1356 296 1487 324; x_wconf 86' lang='lat' dir='ltr'>editione</span> <span class='ocrx_word' id='word_1_501' title='bbox 1515 296 1573 324; x_wconf 90' lang='lat' dir='ltr'>hac</span> <span class='ocrx_word' id='word_1_502' title='bbox 1601 296 1639 324; x_wconf 89' lang='lat' dir='ltr'>de</span> <span class='ocrx_word' id='word_1_503' title='bbox 1667 305 1698 324; x_wconf 88' lang='lat' dir='ltr'>re</span> <span class='ocrx_word' id='word_1_504' title='bbox 1731 296 1838 324; x_wconf 89' lang='lat' dir='ltr'>melius</span> <span class='ocrx_word' id='word_1_505' title='bbox 1866 297 1972 324; x_wconf 87' lang='lat' dir='ltr'>certior</span> <span class='ocrx_word' id='word_1_506' title='bbox 2000 297 2062 325; x_wconf 82' lang='lat' dir='ltr'>fieri</span> 
     </span>
     <span class='ocr_line' id='line_1_73' title="bbox 1716 339 2064 376; baseline 0 -9"><span class='ocrx_word' id='word_1_507' title='bbox 1716 339 1777 368; x_wconf 89' lang='lat' dir='ltr'>Sed</span> <span class='ocrx_word' id='word_1_508' title='bbox 1813 339 1915 376; x_wconf 85' lang='lat' dir='ltr'>negari</span> <span class='ocrx_word' id='word_1_509' title='bbox 1953 340 2064 376; x_wconf 79' lang='lat' dir='ltr'>nequit,</span> 
     </span>
     <span class='ocr_line' id='line_1_74' title="bbox 1126 379 2063 420; baseline 0.002 -13"><span class='ocrx_word' id='word_1_510' title='bbox 1126 379 1227 408; x_wconf 89' lang='lat' dir='ltr'>mirari</span> <span class='ocrx_word' id='word_1_511' title='bbox 1251 381 1392 409; x_wconf 84' lang='lat' dir='ltr'>lectorem</span> <span class='ocrx_word' id='word_1_512' title='bbox 1415 381 1466 418; x_wconf 91' lang='lat' dir='ltr'>qui</span> <span class='ocrx_word' id='word_1_513' title='bbox 1491 381 1520 409; x_wconf 91' lang='lat' dir='ltr'>in</span> <span class='ocrx_word' id='word_1_514' title='bbox 1544 381 1746 410; x_wconf 78' lang='lat' dir='ltr'>Bohmeriana</span> <span class='ocrx_word' id='word_1_515' title='bbox 1775 381 1906 410; x_wconf 84' lang='lat' dir='ltr'>editione</span> <span class='ocrx_word' id='word_1_516' title='bbox 1931 386 1956 410; x_wconf 86' lang='lat' dir='ltr'>ct</span> <span class='ocrx_word' id='word_1_517' title='bbox 1979 383 2063 420; x_wconf 74' lang='lat' dir='ltr'>infra</span> 
     </span>
     <span class='ocr_line' id='line_1_75' title="bbox 1126 423 2063 461; baseline 0.002 -11"><span class='ocrx_word' id='word_1_518' title='bbox 1126 423 1223 450; x_wconf 80' lang='lat' dir='ltr'>verbis</span> <span class='ocrx_word' id='word_1_519' title='bbox 1247 423 1369 451; x_wconf 89' lang='lat' dir='ltr'>docetur</span> <span class='ocrx_word' id='word_1_520' title='bbox 1387 424 1497 452; x_wconf 88' lang='lat' dir='ltr'>omissa</span> <span class='ocrx_word' id='word_1_521' title='bbox 1521 425 1671 461; x_wconf 86' lang='lat' dir='ltr'>quaedam</span> <span class='ocrx_word' id='word_1_522' title='bbox 1695 433 1772 459; x_wconf 89' lang='lat' dir='ltr'>esse,</span> <span class='ocrx_word' id='word_1_523' title='bbox 1795 424 1851 452; x_wconf 89' lang='lat' dir='ltr'>etsi</span> <span class='ocrx_word' id='word_1_524' title='bbox 1869 424 1979 452; x_wconf 80' lang='lat' dir='ltr'>omissa</span> <span class='ocrx_word' id='word_1_525' title='bbox 1999 425 2063 461; x_wconf 81' lang='lat' dir='ltr'>ipsa</span> 
     </span>
     <span class='ocr_line' id='line_1_76' title="bbox 1126 466 2063 504; baseline 0.002 -11"><span class='ocrx_word' id='word_1_526' title='bbox 1126 466 1257 494; x_wconf 77' lang='lat' dir='ltr'>Bolnner</span> <span class='ocrx_word' id='word_1_527' title='bbox 1290 466 1390 494; x_wconf 86' lang='lat' dir='ltr'>statim</span> <span class='ocrx_word' id='word_1_528' title='bbox 1418 467 1578 495; x_wconf 75' lang='lat' dir='ltr'>addIderit.</span> <span class='ocrx_word' id='word_1_529' title='bbox 1638 467 1708 503; x_wconf 82' lang='lat' dir='ltr'>Qua</span> <span class='ocrx_word' id='word_1_530' title='bbox 1734 476 1766 495; x_wconf 91' lang='lat' dir='ltr'>re</span> <span class='ocrx_word' id='word_1_531' title='bbox 1790 472 1954 495; x_wconf 88' lang='lat' dir='ltr'>commotus</span> <span class='ocrx_word' id='word_1_532' title='bbox 1982 467 2063 504; x_wconf 59' lang='lat' dir='ltr'>equi&lt;</span> 
     </span>
     <span class='ocr_line' id='line_1_77' title="bbox 1127 508 2063 547; baseline 0.002 -11"><span class='ocrx_word' id='word_1_533' title='bbox 1127 508 1196 536; x_wconf 88' lang='lat' dir='ltr'>dem</span> <span class='ocrx_word' id='word_1_534' title='bbox 1211 509 1348 537; x_wconf 92' lang='lat' dir='ltr'>omnibus</span> <span class='ocrx_word' id='word_1_535' title='bbox 1368 509 1403 537; x_wconf 92' lang='lat' dir='ltr'>iis</span> <span class='ocrx_word' id='word_1_536' title='bbox 1422 509 1503 543; x_wconf 81' lang='lat' dir='ltr'>locis,</span> <span class='ocrx_word' id='word_1_537' title='bbox 1523 510 1630 546; x_wconf 91' lang='lat' dir='ltr'>quibus</span> <span class='ocrx_word' id='word_1_538' title='bbox 1646 510 1842 547; x_wconf 81' lang='lat' dir='ltr'>Raymundus</span> <span class='ocrx_word' id='word_1_539' title='bbox 1861 519 1892 538; x_wconf 89' lang='lat' dir='ltr'>se</span> <span class='ocrx_word' id='word_1_540' title='bbox 1912 510 2063 546; x_wconf 77' lang='lat' dir='ltr'>quaedam</span> 
     </span>
     <span class='ocr_line' id='line_1_78' title="bbox 1126 551 2062 590; baseline 0.002 -12"><span class='ocrx_word' id='word_1_541' title='bbox 1126 551 1261 579; x_wconf 85' lang='lat' dir='ltr'>omisisse</span> <span class='ocrx_word' id='word_1_542' title='bbox 1280 555 1305 579; x_wconf 81' lang='lat' dir='ltr'>el</span> <span class='ocrx_word' id='word_1_543' title='bbox 1323 552 1407 589; x_wconf 82' lang='lat' dir='ltr'>infra</span> <span class='ocrx_word' id='word_1_544' title='bbox 1427 552 1524 580; x_wconf 76' lang='lat' dir='ltr'>verbis</span> <span class='ocrx_word' id='word_1_545' title='bbox 1544 552 1706 587; x_wconf 85' lang='lat' dir='ltr'>indicabat,</span> <span class='ocrx_word' id='word_1_546' title='bbox 1726 561 1803 589; x_wconf 88' lang='lat' dir='ltr'>quae</span> <span class='ocrx_word' id='word_1_547' title='bbox 1818 562 1874 590; x_wconf 87' lang='lat' dir='ltr'>ego</span> <span class='ocrx_word' id='word_1_548' title='bbox 1893 552 2062 581; x_wconf 87' lang='lat' dir='ltr'>inserebam</span> 
     </span>
     <span class='ocr_line' id='line_1_79' title="bbox 1125 594 1689 631; baseline 0.004 -10"><span class='ocrx_word' id='word_1_549' title='bbox 1125 596 1139 627; x_wconf 59' lang='grc' dir='ltr'>ἧ-</span> <span class='ocrx_word' id='word_1_550' title='bbox 1163 594 1279 631; x_wconf 83' lang='lat' dir='ltr'>signum</span> <span class='ocrx_word' id='word_1_551' title='bbox 1303 595 1515 631; x_wconf 89' lang='lat' dir='ltr'>apponendum</span> <span class='ocrx_word' id='word_1_552' title='bbox 1539 596 1689 623; x_wconf 83' lang='lat' dir='ltr'>curabam.</span> 
     </span>
    </p>

    <p class='ocr_par' dir='ltr' id='par_1_11' title="bbox 1192 636 2064 674">
     <span class='ocr_line' id='line_1_80' title="bbox 1192 636 2064 674; baseline 0.002 -10"><span class='ocrx_word' id='word_1_553' title='bbox 1192 636 1253 672; x_wconf 80' lang='lat' dir='ltr'>Qui</span> <span class='ocrx_word' id='word_1_554' title='bbox 1269 643 1338 665; x_wconf 88' lang='lat' dir='ltr'>ante</span> <span class='ocrx_word' id='word_1_555' title='bbox 1353 646 1400 665; x_wconf 87' lang='lat' dir='ltr'>me</span> <span class='ocrx_word' id='word_1_556' title='bbox 1411 637 1612 674; x_wconf 85' lang='lat' dir='ltr'>Gregorianas</span> <span class='ocrx_word' id='word_1_557' title='bbox 1631 638 1791 666; x_wconf 79' lang='lat' dir='ltr'>ediderunt</span> <span class='ocrx_word' id='word_1_558' title='bbox 1806 638 1972 667; x_wconf 88' lang='lat' dir='ltr'>decretales</span> <span class='ocrx_word' id='word_1_559' title='bbox 1992 638 2064 666; x_wconf 90' lang='lat' dir='ltr'>satis</span> 
     </span>
    </p>
   </div>
   <div class='ocr_carea' id='block_1_9' title="bbox 1108 679 2063 717">
    <p class='ocr_par' dir='ltr' id='par_1_12' title="bbox 1108 679 2063 717">
     <span class='ocr_line' id='line_1_81' title="bbox 1108 679 2063 717; baseline 0.001 -11"><span class='ocrx_word' id='word_1_560' title='bbox 1108 679 1302 713; x_wconf 80' lang='lat' dir='ltr'>:habuerunt‚</span> <span class='ocrx_word' id='word_1_561' title='bbox 1326 680 1374 707; x_wconf 83' lang='lat' dir='ltr'>IV.</span> <span class='ocrx_word' id='word_1_562' title='bbox 1405 680 1657 717; x_wconf 86' lang='lat' dir='ltr'>Compilationum</span> <span class='ocrx_word' id='word_1_563' title='bbox 1685 681 1847 709; x_wconf 88' lang='lat' dir='ltr'>editionem</span> <span class='ocrx_word' id='word_1_564' title='bbox 1872 681 1910 709; x_wconf 89' lang='lat' dir='ltr'>ab</span> <span class='ocrx_word' id='word_1_565' title='bbox 1933 681 2063 709; x_wconf 79' lang='lat' dir='ltr'>Antonio</span> 
     </span>
    </p>
   </div>
   <div class='ocr_carea' id='block_1_10' title="bbox 1126 722 2068 1872">
    <p class='ocr_par' dir='ltr' id='par_1_13' title="bbox 1126 722 2065 1015">
     <span class='ocr_line' id='line_1_82' title="bbox 1127 722 2062 761; baseline 0.003 -12"><span class='ocrx_word' id='word_1_566' title='bbox 1127 722 1299 759; x_wconf 76' lang='lat' dir='ltr'>Augustino,</span> <span class='ocrx_word' id='word_1_567' title='bbox 1319 722 1441 759; x_wconf 88' lang='lat' dir='ltr'>quintae</span> <span class='ocrx_word' id='word_1_568' title='bbox 1461 732 1477 750; x_wconf 91' lang='lat' dir='ltr'>a</span> <span class='ocrx_word' id='word_1_569' title='bbox 1498 722 1618 751; x_wconf 87' lang='lat' dir='ltr'>Cironio</span> <span class='ocrx_word' id='word_1_570' title='bbox 1636 729 1769 751; x_wconf 90' lang='lat' dir='ltr'>curatam</span> <span class='ocrx_word' id='word_1_571' title='bbox 1792 724 1948 761; x_wconf 88' lang='lat' dir='ltr'>inspicere,</span> <span class='ocrx_word' id='word_1_572' title='bbox 1971 733 2062 761; x_wconf 92' lang='lat' dir='ltr'>quum</span> 
     </span>
     <span class='ocr_line' id='line_1_83' title="bbox 1126 765 2064 804; baseline 0.003 -12"><span class='ocrx_word' id='word_1_573' title='bbox 1126 774 1201 792; x_wconf 83' lang='lat' dir='ltr'>unus</span> <span class='ocrx_word' id='word_1_574' title='bbox 1225 765 1348 793; x_wconf 84' lang='lat' dir='ltr'>Richter</span> <span class='ocrx_word' id='word_1_575' title='bbox 1370 775 1463 793; x_wconf 91' lang='lat' dir='ltr'>unum</span> <span class='ocrx_word' id='word_1_576' title='bbox 1486 770 1537 793; x_wconf 85' lang='lat' dir='ltr'>aut</span> <span class='ocrx_word' id='word_1_577' title='bbox 1561 765 1687 793; x_wconf 87' lang='lat' dir='ltr'>alterum</span> <span class='ocrx_word' id='word_1_578' title='bbox 1706 775 1796 794; x_wconf 88' lang='lat' dir='ltr'>manu</span> <span class='ocrx_word' id='word_1_579' title='bbox 1819 766 1961 804; x_wconf 84' lang='lat' dir='ltr'>scripturn</span> <span class='ocrx_word' id='word_1_580' title='bbox 1984 766 2064 795; x_wconf 89' lang='lat' dir='ltr'>codi-</span> 
     </span>
     <span class='ocr_line' id='line_1_84' title="bbox 1126 807 2064 838; baseline 0.003 -3"><span class='ocrx_word' id='word_1_581' title='bbox 1126 816 1191 835; x_wconf 87' lang='lat' dir='ltr'>cem</span> <span class='ocrx_word' id='word_1_582' title='bbox 1212 807 1391 836; x_wconf 85' lang='lat' dir='ltr'>adhibuerit.</span> <span class='ocrx_word' id='word_1_583' title='bbox 1432 808 1493 836; x_wconf 82' lang='lat' dir='ltr'>Sed</span> <span class='ocrx_word' id='word_1_584' title='bbox 1511 813 1613 836; x_wconf 89' lang='lat' dir='ltr'>notum</span> <span class='ocrx_word' id='word_1_585' title='bbox 1632 814 1677 836; x_wconf 87' lang='lat' dir='ltr'>est</span> <span class='ocrx_word' id='word_1_586' title='bbox 1695 808 1842 837; x_wconf 84' lang='lat' dir='ltr'>editiones</span> <span class='ocrx_word' id='word_1_587' title='bbox 1862 809 1928 837; x_wconf 87' lang='lat' dir='ltr'>illas</span> <span class='ocrx_word' id='word_1_588' title='bbox 1948 809 2064 838; x_wconf 80' lang='lat' dir='ltr'>hodier-</span> 
     </span>
     <span class='ocr_line' id='line_1_85' title="bbox 1127 850 2063 888; baseline 0.003 -11"><span class='ocrx_word' id='word_1_589' title='bbox 1127 850 1171 878; x_wconf 87' lang='lat' dir='ltr'>nis</span> <span class='ocrx_word' id='word_1_590' title='bbox 1192 850 1345 878; x_wconf 88' lang='lat' dir='ltr'>doctrinae</span> <span class='ocrx_word' id='word_1_591' title='bbox 1368 850 1533 879; x_wconf 89' lang='lat' dir='ltr'>rationibus</span> <span class='ocrx_word' id='word_1_592' title='bbox 1552 860 1610 878; x_wconf 90' lang='lat' dir='ltr'>non</span> <span class='ocrx_word' id='word_1_593' title='bbox 1629 851 1817 887; x_wconf 82' lang='lat' dir='ltr'>respondere,</span> <span class='ocrx_word' id='word_1_594' title='bbox 1842 861 1899 888; x_wconf 90' lang='lat' dir='ltr'>qua</span> <span class='ocrx_word' id='word_1_595' title='bbox 1919 862 1950 880; x_wconf 84' lang='lat' dir='ltr'>re</span> <span class='ocrx_word' id='word_1_596' title='bbox 1970 852 2063 880; x_wconf 90' lang='lat' dir='ltr'>cuius-</span> 
     </span>
     <span class='ocr_line' id='line_1_86' title="bbox 1127 893 2064 930; baseline 0.001 -9"><span class='ocrx_word' id='word_1_597' title='bbox 1127 902 1184 929; x_wconf 86' lang='lat' dir='ltr'>que</span> <span class='ocrx_word' id='word_1_598' title='bbox 1213 893 1431 930; x_wconf 85' lang='lat' dir='ltr'>compilationis</span> <span class='ocrx_word' id='word_1_599' title='bbox 1454 893 1608 921; x_wconf 87' lang='lat' dir='ltr'>codicibus</span> <span class='ocrx_word' id='word_1_600' title='bbox 1631 893 1842 930; x_wconf 84' lang='lat' dir='ltr'>manuscriptis</span> <span class='ocrx_word' id='word_1_601' title='bbox 1865 904 1900 922; x_wconf 90' lang='lat' dir='ltr'>eo</span> <span class='ocrx_word' id='word_1_602' title='bbox 1923 894 2064 922; x_wconf 84' lang='lat' dir='ltr'>libentius</span> 
     </span>
     <span class='ocr_line' id='line_1_87' title="bbox 1126 936 2065 974; baseline 0.002 -11"><span class='ocrx_word' id='word_1_603' title='bbox 1126 945 1191 963; x_wconf 89' lang='lat' dir='ltr'>sum</span> <span class='ocrx_word' id='word_1_604' title='bbox 1207 946 1284 970; x_wconf 92' lang='lat' dir='ltr'>usus,</span> <span class='ocrx_word' id='word_1_605' title='bbox 1304 945 1363 972; x_wconf 91' lang='lat' dir='ltr'>quo</span> <span class='ocrx_word' id='word_1_606' title='bbox 1377 936 1473 973; x_wconf 86' lang='lat' dir='ltr'>magis</span> <span class='ocrx_word' id='word_1_607' title='bbox 1487 945 1662 972; x_wconf 89' lang='lat' dir='ltr'>persuasum</span> <span class='ocrx_word' id='word_1_608' title='bbox 1677 936 1752 964; x_wconf 91' lang='lat' dir='ltr'>mihi</span> <span class='ocrx_word' id='word_1_609' title='bbox 1767 942 1819 970; x_wconf 85' lang='lat' dir='ltr'>est,</span> <span class='ocrx_word' id='word_1_610' title='bbox 1835 946 1872 964; x_wconf 90' lang='lat' dir='ltr'>ne</span> <span class='ocrx_word' id='word_1_611' title='bbox 1886 938 2065 974; x_wconf 73' lang='lat' dir='ltr'>Raymundo</span> 
     </span>
     <span class='ocr_line' id='line_1_88' title="bbox 1126 978 1836 1015; baseline 0 -9"><span class='ocrx_word' id='word_1_612' title='bbox 1126 978 1250 1015; x_wconf 90' lang='lat' dir='ltr'>quidem</span> <span class='ocrx_word' id='word_1_613' title='bbox 1267 984 1397 1007; x_wconf 80' lang='lat' dir='ltr'>vetustos</span> <span class='ocrx_word' id='word_1_614' title='bbox 1416 978 1535 1007; x_wconf 89' lang='lat' dir='ltr'>codices</span> <span class='ocrx_word' id='word_1_615' title='bbox 1555 979 1594 1006; x_wconf 91' lang='lat' dir='ltr'>ad</span> <span class='ocrx_word' id='word_1_616' title='bbox 1613 988 1719 1006; x_wconf 88' lang='lat' dir='ltr'>manus</span> <span class='ocrx_word' id='word_1_617' title='bbox 1738 978 1836 1007; x_wconf 87' lang='lat' dir='ltr'>fuisse.</span> 
     </span>
    </p>

    <p class='ocr_par' dir='ltr' id='par_1_14' title="bbox 1190 1021 2065 1059">
     <span class='ocr_line' id='line_1_89' title="bbox 1190 1021 2065 1059; baseline 0.001 -10"><span class='ocrx_word' id='word_1_618' title='bbox 1190 1023 1289 1058; x_wconf 80' lang='lat' dir='ltr'>Atque</span> <span class='ocrx_word' id='word_1_619' title='bbox 1309 1031 1326 1049; x_wconf 89' lang='lat' dir='ltr'>a</span> <span class='ocrx_word' id='word_1_620' title='bbox 1345 1030 1393 1049; x_wconf 91' lang='lat' dir='ltr'>me</span> <span class='ocrx_word' id='word_1_621' title='bbox 1413 1021 1541 1049; x_wconf 88' lang='lat' dir='ltr'>adhibiti</span> <span class='ocrx_word' id='word_1_622' title='bbox 1566 1027 1633 1049; x_wconf 91' lang='lat' dir='ltr'>sunt</span> <span class='ocrx_word' id='word_1_623' title='bbox 1652 1021 1772 1049; x_wconf 88' lang='lat' dir='ltr'>codices</span> <span class='ocrx_word' id='word_1_624' title='bbox 1791 1031 1881 1049; x_wconf 90' lang='lat' dir='ltr'>manu</span> <span class='ocrx_word' id='word_1_625' title='bbox 1900 1022 2001 1059; x_wconf 87' lang='lat' dir='ltr'>scripti</span> <span class='ocrx_word' id='word_1_626' title='bbox 2020 1023 2065 1050; x_wconf 86' lang='lat' dir='ltr'>hi:</span> 
     </span>
    </p>

    <p class='ocr_par' dir='ltr' id='par_1_15' title="bbox 1126 1064 2066 1230">
     <span class='ocr_line' id='line_1_90' title="bbox 1195 1064 2065 1102; baseline 0 -10"><span class='ocrx_word' id='word_1_627' title='bbox 1195 1073 1217 1092; x_wconf 85' lang='lat'>1.</span> <span class='ocrx_word' id='word_1_628' title='bbox 1243 1064 1347 1092; x_wconf 84' lang='lat' dir='ltr'>Codex</span> <span class='ocrx_word' id='word_1_629' title='bbox 1373 1064 1422 1092; x_wconf 83' lang='lat' dir='ltr'>lat.</span> <span class='ocrx_word' id='word_1_630' title='bbox 1446 1064 1635 1092; x_wconf 88' lang='lat' dir='ltr'>Monacensis</span> <span class='ocrx_word' id='word_1_631' title='bbox 1659 1064 1758 1101; x_wconf 64' lang='lat'>3879„</span> <span class='ocrx_word' id='word_1_632' title='bbox 1782 1064 1853 1092; x_wconf 90' lang='lat' dir='ltr'>olim</span> <span class='ocrx_word' id='word_1_633' title='bbox 1872 1065 2065 1102; x_wconf 74' lang='lat' dir='ltr'>Augustanae</span> 
     </span>
     <span class='ocr_line' id='line_1_91' title="bbox 1126 1106 2066 1144; baseline 0.001 -10"><span class='ocrx_word' id='word_1_634' title='bbox 1126 1106 1281 1141; x_wconf 70' lang='lat' dir='ltr'>ecclesiae,</span> <span class='ocrx_word' id='word_1_635' title='bbox 1305 1106 1407 1134; x_wconf 85' lang='lat' dir='ltr'>italica</span> <span class='ocrx_word' id='word_1_636' title='bbox 1430 1116 1520 1134; x_wconf 89' lang='lat' dir='ltr'>manu</span> <span class='ocrx_word' id='word_1_637' title='bbox 1538 1107 1617 1134; x_wconf 84' lang='lat' dir='ltr'>XIII.</span> <span class='ocrx_word' id='word_1_638' title='bbox 1636 1107 1682 1134; x_wconf 74' lang='lat' dir='ltr'>vel</span> <span class='ocrx_word' id='word_1_639' title='bbox 1701 1107 1779 1134; x_wconf 75' lang='lat' dir='ltr'>XIV.</span> <span class='ocrx_word' id='word_1_640' title='bbox 1798 1107 1918 1135; x_wconf 85' lang='lat' dir='ltr'>saeculo</span> <span class='ocrx_word' id='word_1_641' title='bbox 1941 1108 2066 1144; x_wconf 86' lang='lat' dir='ltr'>scriptus</span> 
     </span>
     <span class='ocr_line' id='line_1_92' title="bbox 1126 1149 2066 1187; baseline 0.001 -10"><span class='ocrx_word' id='word_1_642' title='bbox 1126 1149 1255 1186; x_wconf 86' lang='lat' dir='ltr'>primam</span> <span class='ocrx_word' id='word_1_643' title='bbox 1286 1158 1380 1186; x_wconf 87' lang='lat' dir='ltr'>usque</span> <span class='ocrx_word' id='word_1_644' title='bbox 1413 1149 1453 1177; x_wconf 85' lang='lat' dir='ltr'>ad</span> <span class='ocrx_word' id='word_1_645' title='bbox 1486 1155 1624 1186; x_wconf 86' lang='lat' dir='ltr'>quartam</span> <span class='ocrx_word' id='word_1_646' title='bbox 1661 1149 1791 1177; x_wconf 88' lang='lat' dir='ltr'>continet</span> <span class='ocrx_word' id='word_1_647' title='bbox 1823 1150 2066 1187; x_wconf 87' lang='lat' dir='ltr'>compilationem</span> 
     </span>
     <span class='ocr_line' id='line_1_93' title="bbox 1128 1191 1955 1230; baseline 0.001 -10"><span class='ocrx_word' id='word_1_648' title='bbox 1128 1191 1383 1228; x_wconf 84' lang='lat' dir='ltr'>Quaternionibus</span> <span class='ocrx_word' id='word_1_649' title='bbox 1403 1192 1564 1229; x_wconf 90' lang='lat' dir='ltr'>dispositus</span> <span class='ocrx_word' id='word_1_650' title='bbox 1584 1202 1601 1220; x_wconf 86' lang='lat' dir='ltr'>a</span> <span class='ocrx_word' id='word_1_651' title='bbox 1619 1202 1667 1220; x_wconf 90' lang='lat' dir='ltr'>me</span> <span class='ocrx_word' id='word_1_652' title='bbox 1687 1192 1728 1220; x_wconf 86' lang='lat' dir='ltr'>ita</span> <span class='ocrx_word' id='word_1_653' title='bbox 1747 1192 1880 1230; x_wconf 87' lang='lat' dir='ltr'>signatus</span> <span class='ocrx_word' id='word_1_654' title='bbox 1900 1198 1955 1221; x_wconf 87' lang='lat' dir='ltr'>est:</span> 
     </span>
    </p>

    <p class='ocr_par' dir='ltr' id='par_1_16' title="bbox 1297 1234 1947 1315">
     <span class='ocr_line' id='line_1_94' title="bbox 1297 1234 1931 1272; baseline 0.002 -10"><span class='ocrx_word' id='word_1_655' title='bbox 1297 1234 1401 1271; x_wconf 91' lang='lat' dir='ltr'>Comp.</span> <span class='ocrx_word' id='word_1_656' title='bbox 1420 1235 1454 1262; x_wconf 88' lang='lat' dir='ltr'>I.:</span> <span class='ocrx_word' id='word_1_657' title='bbox 1474 1235 1518 1262; x_wconf 87' lang='lat' dir='ltr'>Aa</span> <span class='ocrx_word' id='word_1_658' title='bbox 1692 1235 1795 1272; x_wconf 91' lang='lat' dir='ltr'>Comp.</span> <span class='ocrx_word' id='word_1_659' title='bbox 1814 1236 1863 1263; x_wconf 83' lang='lat' dir='ltr'>IL:</span> <span class='ocrx_word' id='word_1_660' title='bbox 1882 1236 1931 1263; x_wconf 84' lang='lat' dir='ltr'>Ba</span> 
     </span>
     <span class='ocr_line' id='line_1_95' title="bbox 1298 1277 1947 1315; baseline 0.002 -10"><span class='ocrx_word' id='word_1_661' title='bbox 1298 1277 1402 1314; x_wconf 89' lang='lat' dir='ltr'>Comp.</span> <span class='ocrx_word' id='word_1_662' title='bbox 1420 1278 1483 1305; x_wconf 89' lang='lat' dir='ltr'>IH.:</span> <span class='ocrx_word' id='word_1_663' title='bbox 1507 1277 1548 1305; x_wconf 87' lang='lat' dir='ltr'>Ca</span> <span class='ocrx_word' id='word_1_664' title='bbox 1693 1278 1796 1315; x_wconf 88' lang='lat' dir='ltr'>Comp.</span> <span class='ocrx_word' id='word_1_665' title='bbox 1815 1279 1876 1306; x_wconf 92' lang='lat' dir='ltr'>IV.:</span> <span class='ocrx_word' id='word_1_666' title='bbox 1896 1278 1947 1306; x_wconf 81' lang='lat' dir='ltr'>Da</span> 
     </span>
    </p>

    <p class='ocr_par' dir='ltr' id='par_1_17' title="bbox 1127 1320 2068 1573">
     <span class='ocr_line' id='line_1_96' title="bbox 1192 1320 2067 1358; baseline 0.002 -10"><span class='ocrx_word' id='word_1_667' title='bbox 1192 1328 1218 1348; x_wconf 88' lang='lat'>2.</span> <span class='ocrx_word' id='word_1_668' title='bbox 1252 1320 1357 1348; x_wconf 79' lang='lat' dir='ltr'>Codex</span> <span class='ocrx_word' id='word_1_669' title='bbox 1389 1320 1595 1358; x_wconf 85' lang='lat' dir='ltr'>Friburgensis</span> <span class='ocrx_word' id='word_1_670' title='bbox 1624 1320 1693 1356; x_wconf 78' lang='lat'>361.</span> <span class='ocrx_word' id='word_1_671' title='bbox 1722 1330 1739 1348; x_wconf 88' lang='lat' dir='ltr'>a</span> <span class='ocrx_word' id='word_1_672' title='bbox 1770 1321 1848 1349; x_wconf 83' lang='lat' dir='ltr'>XIII.</span> <span class='ocrx_word' id='word_1_673' title='bbox 1881 1322 2001 1349; x_wconf 88' lang='lat' dir='ltr'>saeculo</span> <span class='ocrx_word' id='word_1_674' title='bbox 2037 1322 2067 1350; x_wconf 92' lang='lat' dir='ltr'>in</span> 
     </span>
     <span class='ocr_line' id='line_1_97' title="bbox 1127 1362 2066 1401; baseline 0.002 -11"><span class='ocrx_word' id='word_1_675' title='bbox 1127 1362 1291 1391; x_wconf 86' lang='lat' dir='ltr'>Germania</span> <span class='ocrx_word' id='word_1_676' title='bbox 1319 1362 1453 1400; x_wconf 76' lang='lat' dir='ltr'>scriptus,</span> <span class='ocrx_word' id='word_1_677' title='bbox 1481 1363 1532 1400; x_wconf 88' lang='lat' dir='ltr'>qui</span> <span class='ocrx_word' id='word_1_678' title='bbox 1562 1363 1692 1400; x_wconf 87' lang='lat' dir='ltr'>primam</span> <span class='ocrx_word' id='word_1_679' title='bbox 1723 1363 1855 1391; x_wconf 90' lang='lat' dir='ltr'>continet</span> <span class='ocrx_word' id='word_1_680' title='bbox 1883 1364 2066 1401; x_wconf 89' lang='lat' dir='ltr'>compilatio-</span> 
     </span>
     <span class='ocr_line' id='line_1_98' title="bbox 1127 1405 2068 1444; baseline 0.002 -11"><span class='ocrx_word' id='word_1_681' title='bbox 1127 1415 1210 1439; x_wconf 85' lang='lat' dir='ltr'>nem3</span> <span class='ocrx_word' id='word_1_682' title='bbox 1247 1405 1492 1442; x_wconf 89' lang='lat' dir='ltr'>quaternionibus</span> <span class='ocrx_word' id='word_1_683' title='bbox 1523 1412 1568 1434; x_wconf 89' lang='lat' dir='ltr'>est</span> <span class='ocrx_word' id='word_1_684' title='bbox 1600 1406 1772 1443; x_wconf 86' lang='lat' dir='ltr'>dispositus,</span> <span class='ocrx_word' id='word_1_685' title='bbox 1809 1406 1908 1434; x_wconf 89' lang='lat' dir='ltr'>lineae</span> <span class='ocrx_word' id='word_1_686' title='bbox 1943 1407 2068 1444; x_wconf 89' lang='lat' dir='ltr'>plumbo</span> 
     </span>
     <span class='ocr_line' id='line_1_99' title="bbox 1128 1449 2066 1486; baseline 0.002 -10"><span class='ocrx_word' id='word_1_687' title='bbox 1128 1449 1238 1476; x_wconf 86' lang='lat' dir='ltr'>ductae</span> <span class='ocrx_word' id='word_1_688' title='bbox 1261 1454 1336 1482; x_wconf 90' lang='lat' dir='ltr'>sunt,</span> <span class='ocrx_word' id='word_1_689' title='bbox 1364 1449 1596 1486; x_wconf 87' lang='lat' dir='ltr'>subscriptiones</span> <span class='ocrx_word' id='word_1_690' title='bbox 1624 1449 1775 1485; x_wconf 89' lang='lat' dir='ltr'>quaedam</span> <span class='ocrx_word' id='word_1_691' title='bbox 1808 1449 1838 1477; x_wconf 86' lang='lat' dir='ltr'>in</span> <span class='ocrx_word' id='word_1_692' title='bbox 1870 1459 1906 1477; x_wconf 92' lang='lat' dir='ltr'>eo</span> <span class='ocrx_word' id='word_1_693' title='bbox 1938 1456 2066 1485; x_wconf 84' lang='lat' dir='ltr'>exstant,</span> 
     </span>
     <span class='ocr_line' id='line_1_100' title="bbox 1129 1491 2067 1529; baseline 0.002 -10"><span class='ocrx_word' id='word_1_694' title='bbox 1129 1501 1203 1528; x_wconf 88' lang='lat' dir='ltr'>quas</span> <span class='ocrx_word' id='word_1_695' title='bbox 1218 1491 1364 1519; x_wconf 79' lang='lat' dir='ltr'>Antonius</span> <span class='ocrx_word' id='word_1_696' title='bbox 1379 1491 1562 1529; x_wconf 73' lang='lat' dir='ltr'>Augustinus</span> <span class='ocrx_word' id='word_1_697' title='bbox 1581 1501 1612 1519; x_wconf 93' lang='lat' dir='ltr'>se</span> <span class='ocrx_word' id='word_1_698' title='bbox 1632 1492 1663 1519; x_wconf 93' lang='lat' dir='ltr'>in</span> <span class='ocrx_word' id='word_1_699' title='bbox 1682 1492 1813 1529; x_wconf 83' lang='lat' dir='ltr'>quodam</span> <span class='ocrx_word' id='word_1_700' title='bbox 1830 1497 1947 1520; x_wconf 76' lang='lat' dir='ltr'>vetusto</span> <span class='ocrx_word' id='word_1_701' title='bbox 1960 1493 2067 1521; x_wconf 87' lang='lat' dir='ltr'>Tarra-</span> 
     </span>
     <span class='ocr_line' id='line_1_101' title="bbox 1129 1534 2067 1573; baseline 0.002 -11"><span class='ocrx_word' id='word_1_702' title='bbox 1129 1534 1250 1562; x_wconf 88' lang='lat' dir='ltr'>conensi</span> <span class='ocrx_word' id='word_1_703' title='bbox 1264 1534 1367 1563; x_wconf 90' lang='lat' dir='ltr'>codice</span> <span class='ocrx_word' id='word_1_704' title='bbox 1384 1534 1531 1562; x_wconf 71' lang='lat' dir='ltr'>invenisse</span> <span class='ocrx_word' id='word_1_705' title='bbox 1546 1540 1678 1563; x_wconf 89' lang='lat' dir='ltr'>testatur.</span> <span class='ocrx_word' id='word_1_706' title='bbox 1706 1536 1734 1562; x_wconf 80' lang='lat' dir='ltr'>A</span> <span class='ocrx_word' id='word_1_707' title='bbox 1747 1544 1796 1563; x_wconf 90' lang='lat' dir='ltr'>me</span> <span class='ocrx_word' id='word_1_708' title='bbox 1811 1535 1852 1562; x_wconf 76' lang='lat' dir='ltr'>Ab</span> <span class='ocrx_word' id='word_1_709' title='bbox 1866 1535 1998 1573; x_wconf 84' lang='lat' dir='ltr'>signatus</span> <span class='ocrx_word' id='word_1_710' title='bbox 2014 1542 2067 1564; x_wconf 89' lang='lat' dir='ltr'>est.</span> 
     </span>
    </p>

    <p class='ocr_par' dir='ltr' id='par_1_18' title="bbox 1128 1577 2067 1701">
     <span class='ocr_line' id='line_1_102' title="bbox 1194 1577 2067 1615; baseline 0.002 -10"><span class='ocrx_word' id='word_1_711' title='bbox 1194 1586 1220 1613; x_wconf 78' lang='lat'>3.</span> <span class='ocrx_word' id='word_1_712' title='bbox 1245 1577 1318 1606; x_wconf 91' lang='lat' dir='ltr'>Cod.</span> <span class='ocrx_word' id='word_1_713' title='bbox 1342 1578 1458 1605; x_wconf 88' lang='lat' dir='ltr'>Monac.</span> <span class='ocrx_word' id='word_1_714' title='bbox 1482 1577 1532 1605; x_wconf 89' lang='lat' dir='ltr'>lat.</span> <span class='ocrx_word' id='word_1_715' title='bbox 1557 1577 1656 1613; x_wconf 57' lang='lat'>6353,</span> <span class='ocrx_word' id='word_1_716' title='bbox 1681 1577 1752 1605; x_wconf 92' lang='lat' dir='ltr'>olim</span> <span class='ocrx_word' id='word_1_717' title='bbox 1771 1577 1968 1615; x_wconf 86' lang='lat' dir='ltr'>Frisingensis</span> <span class='ocrx_word' id='word_1_718' title='bbox 1992 1587 2067 1615; x_wconf 78' lang='lat'>152..</span> 
     </span>
     <span class='ocr_line' id='line_1_103' title="bbox 1130 1619 2067 1658; baseline 0.001 -10"><span class='ocrx_word' id='word_1_719' title='bbox 1130 1620 1160 1648; x_wconf 90' lang='lat' dir='ltr'>in</span> <span class='ocrx_word' id='word_1_720' title='bbox 1170 1619 1258 1648; x_wconf 88' lang='lat' dir='ltr'>Italia</span> <span class='ocrx_word' id='word_1_721' title='bbox 1274 1621 1393 1648; x_wconf 89' lang='lat' dir='ltr'>saeculo</span> <span class='ocrx_word' id='word_1_722' title='bbox 1402 1621 1480 1648; x_wconf 83' lang='lat' dir='ltr'>XIV.</span> <span class='ocrx_word' id='word_1_723' title='bbox 1492 1620 1626 1657; x_wconf 83' lang='lat' dir='ltr'>scriptus,</span> <span class='ocrx_word' id='word_1_724' title='bbox 1637 1620 1882 1657; x_wconf 86' lang='lat' dir='ltr'>quaternionibus</span> <span class='ocrx_word' id='word_1_725' title='bbox 1898 1621 2067 1658; x_wconf 81' lang='lat' dir='ltr'>dispositus,</span> 
     </span>
     <span class='ocr_line' id='line_1_104' title="bbox 1128 1663 2067 1701; baseline 0.001 -10"><span class='ocrx_word' id='word_1_726' title='bbox 1128 1663 1257 1700; x_wconf 85' lang='lat' dir='ltr'>primam</span> <span class='ocrx_word' id='word_1_727' title='bbox 1276 1663 1407 1691; x_wconf 86' lang='lat' dir='ltr'>continet</span> <span class='ocrx_word' id='word_1_728' title='bbox 1421 1663 1672 1700; x_wconf 88' lang='lat' dir='ltr'>compilationem.</span> <span class='ocrx_word' id='word_1_729' title='bbox 1708 1664 1735 1691; x_wconf 80' lang='lat' dir='ltr'><strong>A</strong></span> <span class='ocrx_word' id='word_1_730' title='bbox 1749 1672 1798 1691; x_wconf 89' lang='lat' dir='ltr'>me</span> <span class='ocrx_word' id='word_1_731' title='bbox 1813 1663 1854 1691; x_wconf 80' lang='lat' dir='ltr'>Ac</span> <span class='ocrx_word' id='word_1_732' title='bbox 1867 1663 2000 1701; x_wconf 88' lang='lat' dir='ltr'>signatus</span> <span class='ocrx_word' id='word_1_733' title='bbox 2015 1671 2067 1692; x_wconf 90' lang='lat' dir='ltr'>est.</span> 
     </span>
    </p>

    <p class='ocr_par' dir='ltr' id='par_1_19' title="bbox 1128 1705 2068 1872">
     <span class='ocr_line' id='line_1_105' title="bbox 1193 1705 2067 1743; baseline 0.001 -9"><span class='ocrx_word' id='word_1_734' title='bbox 1193 1715 1220 1742; x_wconf 75' lang='lat'>4.</span> <span class='ocrx_word' id='word_1_735' title='bbox 1245 1706 1351 1734; x_wconf 77' lang='lat' dir='ltr'>Codex</span> <span class='ocrx_word' id='word_1_736' title='bbox 1367 1706 1528 1734; x_wconf 87' lang='lat' dir='ltr'>Gracensis</span> <span class='ocrx_word' id='word_1_737' title='bbox 1547 1715 1625 1743; x_wconf 61' lang='lat'>374„</span> <span class='ocrx_word' id='word_1_738' title='bbox 1644 1705 1715 1734; x_wconf 90' lang='lat' dir='ltr'>olim</span> <span class='ocrx_word' id='word_1_739' title='bbox 1734 1706 1906 1734; x_wconf 87' lang='lat' dir='ltr'>monasterii</span> <span class='ocrx_word' id='word_1_740' title='bbox 1926 1707 1965 1735; x_wconf 87' lang='lat' dir='ltr'>St.</span> <span class='ocrx_word' id='word_1_741' title='bbox 1980 1708 2067 1735; x_wconf 87' lang='lat' dir='ltr'>Lam-</span> 
     </span>
     <span class='ocr_line' id='line_1_106' title="bbox 1128 1748 2067 1786; baseline 0.001 -9"><span class='ocrx_word' id='word_1_742' title='bbox 1128 1748 1214 1783; x_wconf 90' lang='lat' dir='ltr'>berti,</span> <span class='ocrx_word' id='word_1_743' title='bbox 1234 1749 1285 1786; x_wconf 88' lang='lat' dir='ltr'>qui</span> <span class='ocrx_word' id='word_1_744' title='bbox 1303 1758 1407 1777; x_wconf 89' lang='lat' dir='ltr'>omnes</span> <span class='ocrx_word' id='word_1_745' title='bbox 1426 1749 1580 1777; x_wconf 91' lang='lat' dir='ltr'>continens</span> <span class='ocrx_word' id='word_1_746' title='bbox 1598 1749 1825 1786; x_wconf 82' lang='lat' dir='ltr'>compilationes</span> <span class='ocrx_word' id='word_1_747' title='bbox 1844 1749 1874 1777; x_wconf 90' lang='lat' dir='ltr'>in</span> <span class='ocrx_word' id='word_1_748' title='bbox 1888 1749 1975 1777; x_wconf 88' lang='lat' dir='ltr'>Italia</span> <span class='ocrx_word' id='word_1_749' title='bbox 1990 1751 2067 1778; x_wconf 72' lang='grc' dir='ltr'>ΧΠ.</span> 
     </span>
     <span class='ocr_line' id='line_1_107' title="bbox 1129 1791 2068 1829; baseline 0.001 -10"><span class='ocrx_word' id='word_1_750' title='bbox 1129 1792 1252 1820; x_wconf 91' lang='lat' dir='ltr'>demum</span> <span class='ocrx_word' id='word_1_751' title='bbox 1285 1792 1406 1820; x_wconf 86' lang='lat' dir='ltr'>saeculo</span> <span class='ocrx_word' id='word_1_752' title='bbox 1437 1792 1571 1829; x_wconf 90' lang='lat' dir='ltr'>scriptus,</span> <span class='ocrx_word' id='word_1_753' title='bbox 1598 1791 1728 1829; x_wconf 84' lang='lat' dir='ltr'>optimus</span> <span class='ocrx_word' id='word_1_754' title='bbox 1757 1797 1860 1820; x_wconf 85' lang='lat' dir='ltr'>tamen</span> <span class='ocrx_word' id='word_1_755' title='bbox 1892 1798 1948 1825; x_wconf 88' lang='lat' dir='ltr'>est,</span> <span class='ocrx_word' id='word_1_756' title='bbox 1977 1802 2068 1829; x_wconf 90' lang='lat' dir='ltr'>quum</span> 
     </span>
     <span class='ocr_line' id='line_1_108' title="bbox 1129 1834 2068 1872; baseline 0.001 -10"><span class='ocrx_word' id='word_1_757' title='bbox 1129 1834 1272 1863; x_wconf 89' lang='lat' dir='ltr'>lectiones</span> <span class='ocrx_word' id='word_1_758' title='bbox 1296 1844 1391 1872; x_wconf 92' lang='lat' dir='ltr'>comp.</span> <span class='ocrx_word' id='word_1_759' title='bbox 1419 1835 1540 1862; x_wconf 78' lang='lat' dir='ltr'>n—IV.</span> <span class='ocrx_word' id='word_1_760' title='bbox 1564 1834 1740 1872; x_wconf 86' lang='lat' dir='ltr'>saepissime</span> <span class='ocrx_word' id='word_1_761' title='bbox 1764 1844 1831 1862; x_wconf 89' lang='lat' dir='ltr'>cum</span> <span class='ocrx_word' id='word_1_762' title='bbox 1854 1835 1979 1872; x_wconf 88' lang='lat' dir='ltr'>registro</span> <span class='ocrx_word' id='word_1_763' title='bbox 2002 1845 2068 1863; x_wconf 90' lang='lat' dir='ltr'>con-</span> 
     </span>
    </p>
   </div>
   <div class='ocr_carea' id='block_1_11' title="bbox 1130 1877 2026 2000">
    <p class='ocr_par' dir='ltr' id='par_1_20' title="bbox 1130 1877 2026 2000">
     <span class='ocr_line' id='line_1_109' title="bbox 1130 1877 2002 1915; baseline 0.001 -10"><span class='ocrx_word' id='word_1_764' title='bbox 1130 1877 1266 1906; x_wconf 86' lang='lat' dir='ltr'>sentiant.</span> <span class='ocrx_word' id='word_1_765' title='bbox 1313 1877 1491 1906; x_wconf 86' lang='lat' dir='ltr'>Senionibus</span> <span class='ocrx_word' id='word_1_766' title='bbox 1511 1877 1671 1914; x_wconf 85' lang='lat' dir='ltr'>dispositus</span> <span class='ocrx_word' id='word_1_767' title='bbox 1690 1887 1707 1906; x_wconf 86' lang='lat' dir='ltr'>a</span> <span class='ocrx_word' id='word_1_768' title='bbox 1726 1886 1775 1905; x_wconf 86' lang='lat' dir='ltr'>me</span> <span class='ocrx_word' id='word_1_769' title='bbox 1794 1877 1928 1915; x_wconf 81' lang='lat' dir='ltr'>signatus</span> <span class='ocrx_word' id='word_1_770' title='bbox 1946 1884 2002 1906; x_wconf 88' lang='lat' dir='ltr'>est:</span> 
     </span>
     <span class='ocr_line' id='line_1_110' title="bbox 1173 1920 2026 1958; baseline 0 -10"><span class='ocrx_word' id='word_1_771' title='bbox 1173 1920 1277 1958; x_wconf 68' lang='lat' dir='ltr'>Comp.</span> <span class='ocrx_word' id='word_1_772' title='bbox 1296 1921 1330 1948; x_wconf 91' lang='lat' dir='ltr'>I.:</span> <span class='ocrx_word' id='word_1_773' title='bbox 1350 1921 1398 1948; x_wconf 80' lang='lat' dir='ltr'>Ad</span> <span class='ocrx_word' id='word_1_774' title='bbox 1471 1921 1574 1958; x_wconf 91' lang='lat' dir='ltr'>Comp.</span> <span class='ocrx_word' id='word_1_775' title='bbox 1594 1921 1642 1948; x_wconf 83' lang='grc' dir='ltr'>Π.;</span> <span class='ocrx_word' id='word_1_776' title='bbox 1662 1921 1708 1948; x_wconf 85' lang='lat' dir='ltr'>Bb</span> <span class='ocrx_word' id='word_1_777' title='bbox 1778 1921 1882 1958; x_wconf 89' lang='lat' dir='ltr'>Comp.</span> <span class='ocrx_word' id='word_1_778' title='bbox 1901 1922 1963 1949; x_wconf 89' lang='lat' dir='ltr'>III.:</span> <span class='ocrx_word' id='word_1_779' title='bbox 1987 1920 2026 1949; x_wconf 88' lang='lat' dir='ltr'>Cb</span> 
     </span>
     <span class='ocr_line' id='line_1_111' title="bbox 1303 1963 1894 2000; baseline 0 -9"><span class='ocrx_word' id='word_1_780' title='bbox 1303 1963 1406 2000; x_wconf 87' lang='lat' dir='ltr'>Comp.</span> <span class='ocrx_word' id='word_1_781' title='bbox 1426 1964 1488 1991; x_wconf 83' lang='lat' dir='ltr'>IV.:</span> <span class='ocrx_word' id='word_1_782' title='bbox 1507 1963 1556 1991; x_wconf 79' lang='lat' dir='ltr'>Db</span> <span class='ocrx_word' id='word_1_783' title='bbox 1660 1963 1763 2000; x_wconf 91' lang='lat' dir='ltr'>Comp.</span> <span class='ocrx_word' id='word_1_784' title='bbox 1782 1964 1830 1992; x_wconf 84' lang='lat' dir='ltr'>V.:</span> <span class='ocrx_word' id='word_1_785' title='bbox 1850 1963 1894 1991; x_wconf 80' lang='lat' dir='ltr'>Eb</span> 
     </span>
    </p>
   </div>
   <div class='ocr_carea' id='block_1_12' title="bbox 1129 2006 2068 2515">
    <p class='ocr_par' dir='ltr' id='par_1_21' title="bbox 1130 2006 2068 2172">
     <span class='ocr_line' id='line_1_112' title="bbox 1197 2006 2066 2043; baseline 0 -9"><span class='ocrx_word' id='word_1_786' title='bbox 1197 2015 1222 2043; x_wconf 81' lang='lat'>5.</span> <span class='ocrx_word' id='word_1_787' title='bbox 1248 2006 1321 2035; x_wconf 92' lang='lat' dir='ltr'>Cod.</span> <span class='ocrx_word' id='word_1_788' title='bbox 1343 2006 1504 2034; x_wconf 88' lang='lat' dir='ltr'>Gracensis</span> <span class='ocrx_word' id='word_1_789' title='bbox 1522 2007 1572 2040; x_wconf 89' lang='lat' dir='ltr'>III,</span> <span class='ocrx_word' id='word_1_790' title='bbox 1601 2006 1667 2035; x_wconf 85' lang='lat'>106.</span> <span class='ocrx_word' id='word_1_791' title='bbox 1695 2006 1816 2034; x_wconf 91' lang='lat' dir='ltr'>ineunte</span> <span class='ocrx_word' id='word_1_792' title='bbox 1834 2007 1912 2034; x_wconf 81' lang='lat' dir='ltr'>XIV.</span> <span class='ocrx_word' id='word_1_793' title='bbox 1936 2016 2012 2034; x_wconf 88' lang='lat' dir='ltr'>saec.</span> <span class='ocrx_word' id='word_1_794' title='bbox 2037 2006 2066 2035; x_wconf 92' lang='lat' dir='ltr'>in</span> 
     </span>
     <span class='ocr_line' id='line_1_113' title="bbox 1130 2048 2068 2086; baseline 0.001 -9"><span class='ocrx_word' id='word_1_795' title='bbox 1130 2049 1218 2077; x_wconf 85' lang='lat' dir='ltr'>Italia</span> <span class='ocrx_word' id='word_1_796' title='bbox 1249 2049 1376 2086; x_wconf 90' lang='lat' dir='ltr'>scriptus</span> <span class='ocrx_word' id='word_1_797' title='bbox 1408 2049 1512 2086; x_wconf 89' lang='lat' dir='ltr'>Comp.</span> <span class='ocrx_word' id='word_1_798' title='bbox 1543 2049 1650 2077; x_wconf 81' lang='lat' dir='ltr'>I-IV.</span> <span class='ocrx_word' id='word_1_799' title='bbox 1683 2048 1825 2083; x_wconf 86' lang='lat' dir='ltr'>continet,</span> <span class='ocrx_word' id='word_1_800' title='bbox 1858 2049 1911 2078; x_wconf 92' lang='lat' dir='ltr'>sed</span> <span class='ocrx_word' id='word_1_801' title='bbox 1943 2055 2068 2086; x_wconf 87' lang='lat' dir='ltr'>quartae</span> 
     </span>
     <span class='ocr_line' id='line_1_114' title="bbox 1131 2091 2068 2129; baseline 0 -9"><span class='ocrx_word' id='word_1_802' title='bbox 1131 2092 1239 2120; x_wconf 86' lang='lat' dir='ltr'>desunt</span> <span class='ocrx_word' id='word_1_803' title='bbox 1258 2092 1372 2129; x_wconf 90' lang='lat' dir='ltr'>aliquot</span> <span class='ocrx_word' id='word_1_804' title='bbox 1394 2092 1533 2129; x_wconf 85' lang='lat' dir='ltr'>paginae.</span> <span class='ocrx_word' id='word_1_805' title='bbox 1580 2091 1781 2128; x_wconf 83' lang='lat' dir='ltr'>Quinionibus</span> <span class='ocrx_word' id='word_1_806' title='bbox 1805 2092 1965 2129; x_wconf 90' lang='lat' dir='ltr'>dispositus</span> <span class='ocrx_word' id='word_1_807' title='bbox 1984 2102 2000 2120; x_wconf 88' lang='lat' dir='ltr'>a</span> <span class='ocrx_word' id='word_1_808' title='bbox 2020 2102 2068 2121; x_wconf 88' lang='lat' dir='ltr'>me</span> 
     </span>
     <span class='ocr_line' id='line_1_115' title="bbox 1131 2135 1340 2172; baseline 0.005 -10"><span class='ocrx_word' id='word_1_809' title='bbox 1131 2135 1264 2172; x_wconf 86' lang='lat' dir='ltr'>signatus</span> <span class='ocrx_word' id='word_1_810' title='bbox 1283 2140 1340 2163; x_wconf 87' lang='lat' dir='ltr'>est:</span> 
     </span>
    </p>

    <p class='ocr_par' dir='ltr' id='par_1_22' title="bbox 1303 2177 1920 2258">
     <span class='ocr_line' id='line_1_116' title="bbox 1303 2177 1900 2214; baseline 0 -9"><span class='ocrx_word' id='word_1_811' title='bbox 1303 2178 1406 2214; x_wconf 88' lang='lat' dir='ltr'>Comp.</span> <span class='ocrx_word' id='word_1_812' title='bbox 1426 2178 1460 2206; x_wconf 90' lang='lat' dir='ltr'>I.:</span> <span class='ocrx_word' id='word_1_813' title='bbox 1480 2177 1521 2205; x_wconf 75' lang='lat' dir='ltr'>Ae</span> <span class='ocrx_word' id='word_1_814' title='bbox 1664 2177 1768 2214; x_wconf 90' lang='lat' dir='ltr'>Comp.</span> <span class='ocrx_word' id='word_1_815' title='bbox 1787 2178 1835 2206; x_wconf 91' lang='lat' dir='ltr'>II.:</span> <span class='ocrx_word' id='word_1_816' title='bbox 1855 2178 1900 2205; x_wconf 88' lang='lat' dir='ltr'>Bc</span> 
     </span>
     <span class='ocr_line' id='line_1_117' title="bbox 1303 2219 1920 2258; baseline 0 -10"><span class='ocrx_word' id='word_1_817' title='bbox 1303 2221 1406 2257; x_wconf 91' lang='lat' dir='ltr'>Comp.</span> <span class='ocrx_word' id='word_1_818' title='bbox 1425 2221 1488 2248; x_wconf 75' lang='lat' dir='ltr'>HL:</span> <span class='ocrx_word' id='word_1_819' title='bbox 1512 2219 1550 2248; x_wconf 90' lang='lat' dir='ltr'>Cc</span> <span class='ocrx_word' id='word_1_820' title='bbox 1668 2220 1772 2258; x_wconf 91' lang='lat' dir='ltr'>Comp.</span> <span class='ocrx_word' id='word_1_821' title='bbox 1790 2221 1852 2249; x_wconf 79' lang='lat' dir='ltr'>IV.:</span> <span class='ocrx_word' id='word_1_822' title='bbox 1872 2221 1920 2248; x_wconf 86' lang='lat' dir='ltr'>Dc</span> 
     </span>
    </p>

    <p class='ocr_par' dir='ltr' id='par_1_23' title="bbox 1129 2263 2067 2515">
     <span class='ocr_line' id='line_1_118' title="bbox 1195 2263 2066 2300; baseline -0.002 -8"><span class='ocrx_word' id='word_1_823' title='bbox 1195 2264 1221 2292; x_wconf 84' lang='lat'>6.</span> <span class='ocrx_word' id='word_1_824' title='bbox 1247 2264 1320 2292; x_wconf 90' lang='lat' dir='ltr'>Cod.</span> <span class='ocrx_word' id='word_1_825' title='bbox 1344 2263 1431 2291; x_wconf 84' lang='lat' dir='ltr'>Grac.</span> <span class='ocrx_word' id='word_1_826' title='bbox 1455 2264 1505 2297; x_wconf 78' lang='grc' dir='ltr'>ΠΙ,</span> <span class='ocrx_word' id='word_1_827' title='bbox 1534 2263 1599 2299; x_wconf 77' lang='grc'>138.</span> <span class='ocrx_word' id='word_1_828' title='bbox 1623 2263 1674 2300; x_wconf 91' lang='lat' dir='ltr'>qui</span> <span class='ocrx_word' id='word_1_829' title='bbox 1698 2264 1803 2292; x_wconf 77' lang='lat' dir='ltr'>I—IV.</span> <span class='ocrx_word' id='word_1_830' title='bbox 1832 2263 1961 2291; x_wconf 87' lang='lat' dir='ltr'>continet</span> <span class='ocrx_word' id='word_1_831' title='bbox 1990 2272 2066 2290; x_wconf 82' lang='lat' dir='ltr'>com-</span> 
     </span>
     <span class='ocr_line' id='line_1_119' title="bbox 1129 2306 2067 2344; baseline 0 -10"><span class='ocrx_word' id='word_1_832' title='bbox 1129 2306 1296 2344; x_wconf 89' lang='lat' dir='ltr'>pilationes.</span> <span class='ocrx_word' id='word_1_833' title='bbox 1340 2307 1389 2334; x_wconf 76' lang='lat' dir='ltr'>IV.</span> <span class='ocrx_word' id='word_1_834' title='bbox 1409 2306 1507 2343; x_wconf 86' lang='lat' dir='ltr'>glossa</span> <span class='ocrx_word' id='word_1_835' title='bbox 1535 2311 1624 2340; x_wconf 87' lang='lat' dir='ltr'>caret,</span> <span class='ocrx_word' id='word_1_836' title='bbox 1647 2306 1840 2343; x_wconf 87' lang='lat' dir='ltr'>omniumque</span> <span class='ocrx_word' id='word_1_837' title='bbox 1863 2316 2009 2334; x_wconf 86' lang='lat' dir='ltr'>canonum</span> <span class='ocrx_word' id='word_1_838' title='bbox 2029 2315 2067 2333; x_wconf 77' lang='lat' dir='ltr'>ex</span> 
     </span>
     <span class='ocr_line' id='line_1_120' title="bbox 1131 2348 2067 2386; baseline -0.002 -8"><span class='ocrx_word' id='word_1_839' title='bbox 1131 2349 1266 2378; x_wconf 89' lang='lat' dir='ltr'>Concilio</span> <span class='ocrx_word' id='word_1_840' title='bbox 1288 2349 1484 2377; x_wconf 87' lang='lat' dir='ltr'>Lateranensi</span> <span class='ocrx_word' id='word_1_841' title='bbox 1512 2354 1720 2386; x_wconf 83' lang='lat' dir='ltr'>excerptorum</span> <span class='ocrx_word' id='word_1_842' title='bbox 1749 2349 1857 2377; x_wconf 87' lang='lat' dir='ltr'>adsunt</span> <span class='ocrx_word' id='word_1_843' title='bbox 1884 2349 1946 2377; x_wconf 80' lang='lat' dir='ltr'>sola</span> <span class='ocrx_word' id='word_1_844' title='bbox 1975 2348 2067 2376; x_wconf 84' lang='lat' dir='ltr'>initia.</span> 
     </span>
     <span class='ocr_line' id='line_1_121' title="bbox 1129 2391 2067 2429; baseline -0.002 -9"><span class='ocrx_word' id='word_1_845' title='bbox 1129 2393 1207 2420; x_wconf 78' lang='lat' dir='ltr'>Ante</span> <span class='ocrx_word' id='word_1_846' title='bbox 1236 2391 1363 2429; x_wconf 75' lang='lat' dir='ltr'>Compil.</span> <span class='ocrx_word' id='word_1_847' title='bbox 1391 2392 1440 2420; x_wconf 74' lang='lat' dir='ltr'>IV.</span> <span class='ocrx_word' id='word_1_848' title='bbox 1469 2391 1528 2419; x_wconf 89' lang='lat' dir='ltr'>alia</span> <span class='ocrx_word' id='word_1_849' title='bbox 1555 2391 1691 2420; x_wconf 89' lang='lat' dir='ltr'>eiusdem</span> <span class='ocrx_word' id='word_1_850' title='bbox 1719 2391 1937 2429; x_wconf 87' lang='lat' dir='ltr'>compilationis</span> <span class='ocrx_word' id='word_1_851' title='bbox 1969 2396 2067 2419; x_wconf 70' lang='lat' dir='ltr'>exstat</span> 
     </span>
     <span class='ocr_line' id='line_1_122' title="bbox 1131 2434 2067 2471; baseline -0.002 -8"><span class='ocrx_word' id='word_1_852' title='bbox 1131 2435 1250 2463; x_wconf 72' lang='lat' dir='ltr'>formal.</span> <span class='ocrx_word' id='word_1_853' title='bbox 1295 2435 1330 2462; x_wconf 91' lang='lat' dir='ltr'>In</span> <span class='ocrx_word' id='word_1_854' title='bbox 1348 2434 1435 2462; x_wconf 88' lang='lat' dir='ltr'>Italia</span> <span class='ocrx_word' id='word_1_855' title='bbox 1453 2435 1531 2462; x_wconf 76' lang='lat' dir='ltr'>XIV.</span> <span class='ocrx_word' id='word_1_856' title='bbox 1551 2440 1680 2462; x_wconf 82' lang='lat' dir='ltr'>exeunte</span> <span class='ocrx_word' id='word_1_857' title='bbox 1704 2435 1823 2462; x_wconf 89' lang='lat' dir='ltr'>saeculo</span> <span class='ocrx_word' id='word_1_858' title='bbox 1842 2434 1974 2471; x_wconf 84' lang='lat' dir='ltr'>scriptus,</span> <span class='ocrx_word' id='word_1_859' title='bbox 1995 2442 2067 2470; x_wconf 82' lang='lat' dir='ltr'>qua-</span> 
     </span>
     <span class='ocr_line' id='line_1_123' title="bbox 1129 2477 1824 2515; baseline 0 -9"><span class='ocrx_word' id='word_1_860' title='bbox 1129 2477 1312 2506; x_wconf 86' lang='lat' dir='ltr'>ternionibus</span> <span class='ocrx_word' id='word_1_861' title='bbox 1332 2477 1493 2514; x_wconf 89' lang='lat' dir='ltr'>dispositus</span> <span class='ocrx_word' id='word_1_862' title='bbox 1512 2487 1529 2505; x_wconf 91' lang='lat' dir='ltr'>a</span> <span class='ocrx_word' id='word_1_863' title='bbox 1548 2486 1596 2505; x_wconf 89' lang='lat' dir='ltr'>me</span> <span class='ocrx_word' id='word_1_864' title='bbox 1616 2477 1749 2515; x_wconf 82' lang='lat' dir='ltr'>signatus</span> <span class='ocrx_word' id='word_1_865' title='bbox 1768 2482 1824 2506; x_wconf 81' lang='lat' dir='ltr'>est:</span> 
     </span>
    </p>
   </div>
   <div class='ocr_carea' id='block_1_13' title="bbox 1129 2569 1907 3026">
    <p class='ocr_par' dir='ltr' id='par_1_24' title="bbox 1129 2569 1907 3026">
     <span class='ocr_line' id='line_1_124' title="bbox 1182 2569 1691 2594; baseline -0.004 -4"><span class='ocrx_word' id='word_1_866' title='bbox 1182 2570 1201 2594; x_wconf 54' lang='lat' dir='ltr'>ll</span> <span class='ocrx_word' id='word_1_867' title='bbox 1212 2572 1245 2590; x_wconf 78' lang='lat' dir='ltr'>De</span> <span class='ocrx_word' id='word_1_868' title='bbox 1255 2570 1298 2589; x_wconf 80' lang='lat' dir='ltr'>tide</span> <span class='ocrx_word' id='word_1_869' title='bbox 1309 2570 1379 2589; x_wconf 51' lang='lat' dir='ltr'>catha</span> <span class='ocrx_word' id='word_1_870' title='bbox 1394 2569 1511 2589; x_wconf 83' lang='lat' dir='ltr'>Credimus</span> <span class='ocrx_word' id='word_1_871' title='bbox 1521 2572 1545 2589; x_wconf 72' lang='lat' dir='ltr'>ct*</span> <span class='ocrx_word' id='word_1_872' title='bbox 1552 2569 1691 2593; x_wconf 78' lang='lat' dir='ltr'>simpliciter.</span> 
     </span>
     <span class='ocr_line' id='line_1_125' title="bbox 1130 2595 1723 2620; baseline -0.003 -5"><span class='ocrx_word' id='word_1_873' title='bbox 1130 2596 1157 2616; x_wconf 76' lang='lat' dir='ltr'>de</span> <span class='ocrx_word' id='word_1_874' title='bbox 1167 2596 1297 2615; x_wconf 80' lang='lat' dir='ltr'>haereticis:</span> <span class='ocrx_word' id='word_1_875' title='bbox 1313 2596 1445 2615; x_wconf 71' lang='lat' dir='ltr'>damnamus</span> <span class='ocrx_word' id='word_1_876' title='bbox 1456 2598 1477 2615; x_wconf 83' lang='lat' dir='ltr'>et</span> <span class='ocrx_word' id='word_1_877' title='bbox 1488 2596 1643 2620; x_wconf 70' lang='lat' dir='ltr'>reprobi-mnus</span> <span class='ocrx_word' id='word_1_878' title='bbox 1654 2595 1723 2614; x_wconf 81' lang='lat' dir='ltr'>libell.</span> 
     </span>
     <span class='ocr_line' id='line_1_126' title="bbox 1130 2621 1766 2645; baseline -0.002 -5"><span class='ocrx_word' id='word_1_879' title='bbox 1130 2623 1157 2641; x_wconf 80' lang='lat' dir='ltr'>de</span> <span class='ocrx_word' id='word_1_880' title='bbox 1168 2622 1277 2641; x_wconf 72' lang='lat' dir='ltr'>haeretic:</span> <span class='ocrx_word' id='word_1_881' title='bbox 1292 2622 1512 2641; x_wconf 76' lang='lat' dir='ltr'>excommunicamus</span> <span class='ocrx_word' id='word_1_882' title='bbox 1523 2622 1590 2645; x_wconf 79' lang='lat' dir='ltr'>igitur</span> <span class='ocrx_word' id='word_1_883' title='bbox 1599 2623 1620 2639; x_wconf 67' lang='lat' dir='ltr'>et</span> <span class='ocrx_word' id='word_1_884' title='bbox 1631 2621 1766 2640; x_wconf 70' lang='lat' dir='ltr'>anathemat.</span> 
     </span>
     <span class='ocr_line' id='line_1_127' title="bbox 1130 2648 1589 2667; baseline -0.002 -1"><span class='ocrx_word' id='word_1_885' title='bbox 1130 2648 1158 2667; x_wconf 84' lang='lat' dir='ltr'>do</span> <span class='ocrx_word' id='word_1_886' title='bbox 1168 2648 1250 2667; x_wconf 67' lang='lat' dir='ltr'>celebr.</span> <span class='ocrx_word' id='word_1_887' title='bbox 1261 2648 1306 2666; x_wconf 82' lang='lat' dir='ltr'>div.</span> <span class='ocrx_word' id='word_1_888' title='bbox 1317 2648 1402 2667; x_wconf 74' lang='lat' dir='ltr'>officio:</span> <span class='ocrx_word' id='word_1_889' title='bbox 1418 2648 1481 2666; x_wconf 79' lang='lat' dir='ltr'>Licet</span> <span class='ocrx_word' id='word_1_890' title='bbox 1490 2648 1589 2666; x_wconf 78' lang='lat' dir='ltr'>Graecos</span> 
     </span>
     <span class='ocr_line' id='line_1_128' title="bbox 1130 2674 1516 2697; baseline -0.003 -5"><span class='ocrx_word' id='word_1_891' title='bbox 1130 2674 1157 2692; x_wconf 80' lang='lat' dir='ltr'>de</span> <span class='ocrx_word' id='word_1_892' title='bbox 1167 2674 1280 2697; x_wconf 76' lang='lat' dir='ltr'>privileg.:</span> <span class='ocrx_word' id='word_1_893' title='bbox 1295 2674 1394 2697; x_wconf 70' lang='lat' dir='ltr'>Antiqua</span> <span class='ocrx_word' id='word_1_894' title='bbox 1403 2674 1516 2697; x_wconf 79' lang='lat' dir='ltr'>patiantur</span> 
     </span>
     <span class='ocr_line' id='line_1_129' title="bbox 1129 2697 1695 2723; baseline -0.005 -5"><span class='ocrx_word' id='word_1_895' title='bbox 1129 2699 1157 2718; x_wconf 85' lang='lat' dir='ltr'>de</span> <span class='ocrx_word' id='word_1_896' title='bbox 1167 2704 1240 2718; x_wconf 68' lang='lat' dir='ltr'>aecus.</span> <span class='ocrx_word' id='word_1_897' title='bbox 1251 2701 1272 2718; x_wconf 81' lang='lat' dir='ltr'>et</span> <span class='ocrx_word' id='word_1_898' title='bbox 1283 2699 1384 2723; x_wconf 87' lang='lat' dir='ltr'>iniquis.:</span> <span class='ocrx_word' id='word_1_899' title='bbox 1399 2699 1471 2721; x_wconf 76' lang='lat' dir='ltr'>Quum</span> <span class='ocrx_word' id='word_1_900' title='bbox 1483 2699 1535 2717; x_wconf 87' lang='lat' dir='ltr'>olim</span> <span class='ocrx_word' id='word_1_901' title='bbox 1546 2704 1559 2717; x_wconf 75' lang='lat' dir='ltr'>a</span> <span class='ocrx_word' id='word_1_902' title='bbox 1569 2704 1585 2716; x_wconf 76' lang='lat' dir='ltr'>s.</span> <span class='ocrx_word' id='word_1_903' title='bbox 1595 2697 1695 2721; x_wconf 75' lang='lat' dir='ltr'>patribus</span> 
     </span>
     <span class='ocr_line' id='line_1_130' title="bbox 1130 2724 1595 2748; baseline -0.002 -5"><span class='ocrx_word' id='word_1_904' title='bbox 1130 2725 1156 2743; x_wconf 82' lang='lat' dir='ltr'>de</span> <span class='ocrx_word' id='word_1_905' title='bbox 1167 2725 1203 2743; x_wconf 73' lang='lat' dir='ltr'>off.</span> <span class='ocrx_word' id='word_1_906' title='bbox 1215 2724 1260 2743; x_wconf 83' lang='lat' dir='ltr'>iud.</span> <span class='ocrx_word' id='word_1_907' title='bbox 1271 2725 1328 2744; x_wconf 82' lang='lat' dir='ltr'>del.:</span> <span class='ocrx_word' id='word_1_908' title='bbox 1344 2724 1495 2748; x_wconf 70' lang='lat' dir='ltr'>Irrefrugabili</span> <span class='ocrx_word' id='word_1_909' title='bbox 1506 2724 1595 2743; x_wconf 78' lang='lat' dir='ltr'>constit.</span> 
     </span>
     <span class='ocr_line' id='line_1_131' title="bbox 1129 2746 1907 2774; baseline -0.006 -5"><span class='ocrx_word' id='word_1_910' title='bbox 1129 2751 1156 2769; x_wconf 83' lang='lat' dir='ltr'>de</span> <span class='ocrx_word' id='word_1_911' title='bbox 1167 2751 1349 2774; x_wconf 74' lang='lat' dir='ltr'>inquisitionibus</span> <span class='ocrx_word' id='word_1_912' title='bbox 1359 2753 1381 2769; x_wconf 80' lang='lat' dir='ltr'>et</span> <span class='ocrx_word' id='word_1_913' title='bbox 1391 2756 1466 2769; x_wconf 73' lang='lat' dir='ltr'>earum</span> <span class='ocrx_word' id='word_1_914' title='bbox 1478 2750 1568 2768; x_wconf 79' lang='lat' dir='ltr'>ordine:</span> <span class='ocrx_word' id='word_1_915' title='bbox 1583 2749 1684 2771; x_wconf 77' lang='lat' dir='ltr'>Qualiter</span> <span class='ocrx_word' id='word_1_916' title='bbox 1694 2750 1714 2766; x_wconf 84' lang='lat' dir='ltr'>et</span> <span class='ocrx_word' id='word_1_917' title='bbox 1725 2747 1813 2771; x_wconf 72' lang='lat' dir='ltr'>quando</span> <span class='ocrx_word' id='word_1_918' title='bbox 1824 2746 1907 2765; x_wconf 72' lang='lat' dir='ltr'>dehent</span> 
     </span>
     <span class='ocr_line' id='line_1_132' title="bbox 1130 2776 1605 2800; baseline -0.004 -5"><span class='ocrx_word' id='word_1_919' title='bbox 1130 2776 1158 2795; x_wconf 79' lang='lat' dir='ltr'>do</span> <span class='ocrx_word' id='word_1_920' title='bbox 1168 2777 1204 2795; x_wconf 76' lang='lat' dir='ltr'>off.</span> <span class='ocrx_word' id='word_1_921' title='bbox 1215 2776 1322 2800; x_wconf 78' lang='lat' dir='ltr'>delegati:</span> <span class='ocrx_word' id='word_1_922' title='bbox 1338 2776 1449 2799; x_wconf 76' lang='lat' dir='ltr'>Quoniam</span> <span class='ocrx_word' id='word_1_923' title='bbox 1461 2776 1483 2794; x_wconf 92' lang='lat' dir='ltr'>in</span> <span class='ocrx_word' id='word_1_924' title='bbox 1494 2776 1605 2799; x_wconf 75' lang='lat' dir='ltr'>plerisque</span> 
     </span>
     <span class='ocr_line' id='line_1_133' title="bbox 1181 2802 1545 2825; baseline -0.005 -4"><span class='ocrx_word' id='word_1_925' title='bbox 1181 2816 1194 2825; x_wconf 79' lang='lat'>,.</span> <span class='ocrx_word' id='word_1_926' title='bbox 1333 2802 1396 2820; x_wconf 76' lang='lat' dir='ltr'>Inter</span> <span class='ocrx_word' id='word_1_927' title='bbox 1405 2804 1480 2820; x_wconf 70' lang='lat' dir='ltr'>cetera</span> <span class='ocrx_word' id='word_1_928' title='bbox 1490 2807 1545 2824; x_wconf 80' lang='lat' dir='ltr'>quae</span> 
     </span>
     <span class='ocr_line' id='line_1_134' title="bbox 1130 2827 1460 2850; baseline -0.003 -4"><span class='ocrx_word' id='word_1_929' title='bbox 1130 2827 1158 2846; x_wconf 82' lang='lat' dir='ltr'>de</span> <span class='ocrx_word' id='word_1_930' title='bbox 1167 2827 1274 2846; x_wconf 75' lang='lat' dir='ltr'>simonia:</span> <span class='ocrx_word' id='word_1_931' title='bbox 1289 2827 1347 2850; x_wconf 80' lang='lat' dir='ltr'>Quia</span> <span class='ocrx_word' id='word_1_932' title='bbox 1358 2827 1460 2845; x_wconf 84' lang='lat' dir='ltr'>nonnulli</span> 
     </span>
     <span class='ocr_line' id='line_1_135' title="bbox 1130 2852 1537 2877; baseline -0.005 -5"><span class='ocrx_word' id='word_1_933' title='bbox 1130 2853 1158 2872; x_wconf 73' lang='lat' dir='ltr'>de</span> <span class='ocrx_word' id='word_1_934' title='bbox 1167 2855 1225 2872; x_wconf 77' lang='lat' dir='ltr'>statu</span> <span class='ocrx_word' id='word_1_935' title='bbox 1236 2853 1310 2877; x_wconf 78' lang='lat' dir='ltr'>relig.:</span> <span class='ocrx_word' id='word_1_936' title='bbox 1325 2853 1350 2871; x_wconf 85' lang='lat' dir='ltr'>lu</span> <span class='ocrx_word' id='word_1_937' title='bbox 1360 2853 1453 2877; x_wconf 81' lang='lat' dir='ltr'>siugulis</span> <span class='ocrx_word' id='word_1_938' title='bbox 1464 2852 1537 2875; x_wconf 73' lang='lat' dir='ltr'>regnis</span> 
     </span>
     <span class='ocr_line' id='line_1_136' title="bbox 1130 2878 1427 2898; baseline 0 -1"><span class='ocrx_word' id='word_1_939' title='bbox 1130 2879 1158 2898; x_wconf 81' lang='lat' dir='ltr'>do</span> <span class='ocrx_word' id='word_1_940' title='bbox 1168 2879 1207 2898; x_wconf 80' lang='lat' dir='ltr'>rel.</span> <span class='ocrx_word' id='word_1_941' title='bbox 1219 2878 1314 2898; x_wconf 61' lang='lat' dir='ltr'>domm:</span> <span class='ocrx_word' id='word_1_942' title='bbox 1330 2879 1362 2897; x_wconf 78' lang='lat' dir='ltr'>Ne</span> <span class='ocrx_word' id='word_1_943' title='bbox 1373 2879 1427 2897; x_wconf 85' lang='lat' dir='ltr'>nim.</span> 
     </span>
     <span class='ocr_line' id='line_1_137' title="bbox 1130 2903 1571 2924; baseline -0.009 -1"><span class='ocrx_word' id='word_1_944' title='bbox 1130 2904 1158 2924; x_wconf 82' lang='lat' dir='ltr'>do</span> <span class='ocrx_word' id='word_1_945' title='bbox 1168 2905 1214 2923; x_wconf 79' lang='lat' dir='ltr'>vim</span> <span class='ocrx_word' id='word_1_946' title='bbox 1225 2907 1245 2923; x_wconf 80' lang='lat' dir='ltr'>ct</span> <span class='ocrx_word' id='word_1_947' title='bbox 1257 2905 1308 2923; x_wconf 80' lang='lat' dir='ltr'>lion.</span> <span class='ocrx_word' id='word_1_948' title='bbox 1320 2904 1385 2923; x_wconf 58' lang='lat' dir='ltr'>cleia:</span> <span class='ocrx_word' id='word_1_949' title='bbox 1400 2906 1423 2922; x_wconf 83' lang='lat' dir='ltr'>ut</span> <span class='ocrx_word' id='word_1_950' title='bbox 1433 2903 1486 2922; x_wconf 81' lang='lat' dir='ltr'>cler.</span> <span class='ocrx_word' id='word_1_951' title='bbox 1497 2905 1571 2921; x_wconf 78' lang='lat' dir='ltr'>mores</span> 
     </span>
     <span class='ocr_line' id='line_1_138' title="bbox 1412 2928 1525 2951; baseline -0.009 -4"><span class='ocrx_word' id='word_1_952' title='bbox 1412 2935 1425 2949; x_wconf 74' lang='lat' dir='ltr'>a</span> <span class='ocrx_word' id='word_1_953' title='bbox 1435 2928 1525 2951; x_wconf 69' lang='lat' dir='ltr'>crapula</span> 
     </span>
     <span class='ocr_line' id='line_1_139' title="bbox 1207 2952 1572 2977; baseline -0.019 0"><span class='ocrx_word' id='word_1_954' title='bbox 1207 2970 1220 2977; x_wconf 67' lang='lat' dir='ltr'>u</span> <span class='ocrx_word' id='word_1_955' title='bbox 1327 2969 1340 2976; x_wconf 62' lang='lat' dir='ltr'>u</span> <span class='ocrx_word' id='word_1_956' title='bbox 1412 2954 1488 2973; x_wconf 77' lang='lat' dir='ltr'>clerici</span> <span class='ocrx_word' id='word_1_957' title='bbox 1499 2952 1572 2971; x_wconf 74' lang='lat' dir='ltr'>officio</span> 
     </span>
     <span class='ocr_line' id='line_1_140' title="bbox 1129 2978 1603 3001; baseline -0.013 0"><span class='ocrx_word' id='word_1_958' title='bbox 1129 2981 1157 3001; x_wconf 79' lang='lat' dir='ltr'>do</span> <span class='ocrx_word' id='word_1_959' title='bbox 1167 2981 1236 3001; x_wconf 82' lang='lat' dir='ltr'>celeb.</span> <span class='ocrx_word' id='word_1_960' title='bbox 1247 2982 1292 3000; x_wconf 77' lang='lat' dir='ltr'>div.</span> <span class='ocrx_word' id='word_1_961' title='bbox 1304 2981 1354 2999; x_wconf 65' lang='lat'>0¹12:</span> <span class='ocrx_word' id='word_1_962' title='bbox 1369 2981 1477 2999; x_wconf 66' lang='lat' dir='ltr'>Dal-:ntes</span> <span class='ocrx_word' id='word_1_963' title='bbox 1488 2978 1603 2997; x_wconf 56' lang='lat' dir='ltr'>res-erimus</span> 
     </span>
     <span class='ocr_line' id='line_1_141' title="bbox 1129 3002 1629 3026; baseline -0.014 1"><span class='ocrx_word' id='word_1_964' title='bbox 1129 3012 1157 3026; x_wconf 79' lang='lat' dir='ltr'>ne</span> <span class='ocrx_word' id='word_1_965' title='bbox 1168 3007 1220 3026; x_wconf 79' lang='lat' dir='ltr'>cler.</span> <span class='ocrx_word' id='word_1_966' title='bbox 1231 3007 1266 3026; x_wconf 82' lang='lat' dir='ltr'>vel</span> <span class='ocrx_word' id='word_1_967' title='bbox 1277 3012 1348 3026; x_wconf 78' lang='lat' dir='ltr'>mon-z</span> <span class='ocrx_word' id='word_1_968' title='bbox 1364 3005 1502 3025; x_wconf 73' lang='lat' dir='ltr'>Sententiam</span> <span class='ocrx_word' id='word_1_969' title='bbox 1513 3002 1629 3026; x_wconf 71' lang='lat' dir='ltr'>sauguinis</span> 
     </span>
    </p>
   </div>
  </div>
 </body>
</html>
