2243 3288
130 225 179 253 105

130 301 302 336 ampliaverat,
324 304 346 325 et
366 300 496 333 inyressus
517 300 657 334 capitulum
677 299 860 325 monachorum,
881 299 1066 332 inquisitionem

129 337 250 370 coepisses
271 334 359 366 facere
379 339 470 359 contra
492 343 556 366 eum,
578 335 632 368 ipse
651 334 761 367 =araca-ri
775 342 802 358 se
823 334 912 358 timens
929 334 964 358 ad
984 333 1065 358 sedem

129 370 293 404 apostolicam
311 369 463 402 appellarit:
483 373 509 393 tu
527 378 594 397 cero,
612 368 782 402 appellationi
797 377 846 392 non
866 367 988 399 deserens,
1010 376 1066 392 eum

130 405 162 431 ab
173 403 399 430 administrationis
413 403 492 436 officio
505 404 666 436 suspendisti,
684 407 707 427 et
724 403 750 427 in
764 402 817 427 cius
830 402 945 427 absentia
962 401 1066 435 inquisi-

130 440 194 465 tione
203 442 260 472 post
271 437 352 470 facta,
370 437 451 470 ipsum
472 446 549 470 usqne
566 438 600 462 art
617 437 797 462 mmzasterizun
815 437 846 461 de
858 436 994 461 Ramessia
1011 436 1067 460 licet

130 474 232 499 invitum
245 473 350 505 turpiter
361 476 418 504 post
432 476 454 496 te
467 476 575 496 tractum
588 480 665 505 super
680 479 780 496 crucem
791 471 876 503 fecisti
887 471 982 501 iurare,
1001 470 1068 503 quod

130 513 152 534 te
163 515 239 540 usque
251 506 412 531 Londoniam
430 511 585 539 sequeretur.
620 507 680 539 Ipse
697 505 772 538 igsitur
789 505 948 530 londoniam
967 505 1067 529 veniens

129 541 332 575 appellationem,
346 548 423 574 quam
433 540 508 573 prius
525 540 721 573 interposuerat,
739 539 878 564 solenniter
895 539 1031 570 innovavit,
1045 543 1067 563 et

129 577 163 602 ad
186 575 350 600 venerabilem
372 574 480 606 fratrem
507 579 622 599 nostrum
651 573 847 599 IVintoniensem
874 573 1020 606 episcopum
1045 577 1067 597 et

128 610 269 636 coniudices
289 609 342 634 eius
360 609 544 633 connnissiom's
566 609 670 634 obtinuit
692 609 779 633 literas
795 608 925 638 destinari,
944 616 1008 640 (ptos
1026 608 1066 632 dc-

127 644 246 677 ferendas
259 643 357 668 cuidam
372 643 474 668 tradidit
492 643 636 668 mercatori.
673 643 711 667 Tu
730 651 786 667 cero
805 643 887 674 ipsum
905 643 930 666 in
945 642 1066 674 Anyliam

128 679 268 704 redeuntem
283 678 343 710 capi
352 676 436 709 fecisti
448 678 589 702 Londoniis
603 681 624 702 et
638 677 663 701 in
677 676 778 702 Eliensi
795 677 950 701 monasterio
968 677 1070 701 carceri

127 712 276 745 mancipari.
314 712 424 744 Propter
437 712 504 745 quod
517 716 652 742 mercator,
671 711 715 744 qui
730 711 818 735 literas
830 710 966 743 deferebat,
985 711 1068 735 venire

128 748 153 773 in
166 747 285 780 Anytiam
298 755 349 770 non
361 746 541 779 praesumpsit,
560 746 659 770 tandem
679 754 736 770 cero
750 754 766 770 a
779 754 883 770 carcere
900 745 1021 770 liberatus
1035 745 1069 769 ad

127 782 208 807 sedem
220 781 385 814 apostolicam
400 780 545 813 appellat-it.
584 781 621 805 Tu
635 789 693 805 vero
711 780 763 804 eius
776 779 946 812 appellationi
962 788 1013 804 non
1026 780 1067 803 de-

127 815 219 848 ferens,
232 815 295 840 sicut
307 815 387 848 prius,
406 815 431 839 in
444 815 527 848 ipsam
544 814 707 847 depositionis
723 814 872 839 sententiam
889 813 1028 846 protulisti,
1046 818 1069 838 et

127 850 264 883 depositum
281 850 307 874 in
320 858 450 874 carcerem
467 848 551 881 fecisti
566 849 671 873 retrudi.
710 849 834 879 Ceterum,
852 857 930 881 quum
948 848 1038 880 fuisset
1052 856 1067 872 a

128 885 233 910 vinculis
246 883 384 914 absolutus,
398 884 433 908 ad
441 884 615 916 praesentiam
632 887 747 907 nostram
761 883 835 914 venit,
853 887 875 907 et
892 883 927 907 ad
940 882 1067 907 uenerabi-

129 919 177 944 lem
188 917 295 950 fratrem
310 922 424 942 nostrum
438 918 636 942 Dunelmensem
654 918 807 950 episcopum,
821 921 844 941 et
857 917 975 941 dilectum
986 917 1068 950 filium

127 953 275 985 maqistrum
290 952 327 977 Io.
340 952 370 977 de
383 952 525 977 Londoniis
538 952 627 977 literas
640 951 789 985 impetravit,
804 955 830 976 ut
842 960 919 984 super
928 951 1069 984 propositis

127 987 258 1020 diligenter
267 986 423 1020 inquirerent
435 987 572 1018 ceritatem,
583 991 605 1011 et
617 995 722 1011 causam
733 986 824 1019 ipsam,
838 986 862 1009 si
869 990 959 1018 partes
970 986 1069 1015 vellent,

129 1021 287 1047 concorditer
302 1022 355 1055 fine
367 1021 447 1046 debito
466 1021 643 1051 terminarent;
662 1021 777 1054 alioquin
795 1028 900 1045 causam
918 1020 1070 1053 sufficienter

127 1056 275 1081 instructam
297 1055 331 1080 ad
352 1064 398 1079 nos
416 1055 543 1080 remittere
559 1064 611 1079 non
630 1054 770 1088 differrent.
808 1055 972 1087 I'roponcbat
994 1055 1070 1087 initur

127 1091 190 1115 idem
211 1090 298 1120 abbas,
323 1090 391 1123 quod
410 1090 546 1122 praedicta
568 1090 655 1114 omnia
675 1089 827 1122 sufficienter
851 1089 957 1121 fuerant
981 1097 1068 1113 coram

128 1125 218 1150 eisdem
242 1124 365 1149 iudicibus
389 1124 564 1157 comprobata.
612 1124 702 1149 Verum
729 1124 833 1148 dilectus
855 1123 926 1157 filius
950 1123 1070 1156 mayister

127 1159 268 1190 Honorius,
290 1158 486 1184 archidiaconus
502 1158 709 1189 Ricltemandiae,
728 1159 837 1182 nuncius
855 1162 919 1188 tuus,
934 1157 1070 1190 proposuit

127 1202 158 1219 ex
178 1193 291 1223 adverso,
317 1193 391 1226 quod,
416 1202 491 1226 quum
516 1193 575 1218 otim
598 1193 732 1225 leyationis
755 1192 835 1226 officio
856 1191 1010 1225 slznqereris,
1036 1192 1070 1216 ad

127 1228 306 1253 monasterium
328 1228 358 1252 de
376 1228 486 1259 Tot-nea,
512 1232 537 1252 ut
559 1227 583 1252 ei
601 1227 752 1252 visitationis
774 1227 930 1259 impenderes
949 1227 1068 1258 qratiam,

128 1262 263 1292 accessisti,
286 1270 412 1295 quumque
429 1262 459 1286 de
476 1262 526 1287 cita
543 1262 622 1295 ipsius
640 1261 671 1287 R.
690 1261 833 1293 diliyentius
852 1261 1017 1294 inquisiisses,
1040 1260 1069 1285 de

128 1297 319 1329 dilapidatione,
352 1296 536 1321 incontinentia
570 1300 591 1321 et
625 1296 695 1329 turpi
722 1296 774 1320 eius
803 1297 996 1320 conversatione
1019 1303 1069 1328 per

128 1331 269 1356 testimonia
290 1331 334 1356 tibi
350 1331 459 1355 constitit
480 1331 671 1356 monachorum.
714 1330 787 1354 Vnde
804 1330 989 1354 communicato
1003 1338 1068 1362 pru-

127 1365 227 1391 dentum
243 1365 357 1390 virorum
375 1365 480 1390 consilio
498 1374 553 1390 eum
571 1365 603 1390 ab
622 1365 850 1389 admim'stratioms
868 1364 948 1397 officio
962 1372 1068 1396 suspen-

127 1400 194 1431 disti,
210 1408 288 1433 quum
301 1400 373 1424 iuxta
386 1400 526 1424 canonicas
539 1400 684 1424 sanctiones
696 1400 725 1424 de
742 1399 926 1432 dilapidatione
937 1402 1069 1431 suspectus

128 1434 215 1459 debeat
242 1434 274 1459 ab
298 1434 520 1459 administratirme
548 1434 676 1467 suspendi.
726 1433 784 1458 IVec
808 1434 985 1466 appellaverat
1009 1437 1069 1457 tunc

129 1469 248 1502 temporis
265 1469 328 1493 idem
350 1469 438 1499 abbas,
461 1477 507 1493 nec
524 1468 608 1499 etiam,
629 1468 653 1493 si
668 1468 832 1501 appellasset,
856 1468 901 1492 tibi
915 1475 972 1492 eum
996 1467 1069 1491 inno-

129 1507 211 1528 tuerat
234 1503 391 1536 appellasse,
418 1511 507 1536 quum,
537 1504 601 1528 sicut
626 1507 744 1528 asserunt
769 1506 842 1527 testes
866 1502 927 1533 eius,
953 1509 1070 1534 eyressus

129 1537 267 1571 capitulam
285 1538 311 1562 in
327 1542 424 1562 secreto
444 1538 612 1562 collocutorio
630 1537 729 1562 duxerit
747 1537 939 1569 appellandum.
969 1535 1069 1567 Verum,

128 1580 203 1607 quum
219 1572 378 1605 postmodum
396 1572 465 1605 apud
480 1572 630 1597 Londonias
640 1572 803 1604 appellasset,
820 1580 872 1595 non.
885 1571 968 1595 solum
981 1570 1069 1603 appel-

129 1607 248 1632 lationem
270 1606 444 1639 interpositam
467 1606 593 1639 recepisti,
619 1606 663 1631 sed
684 1606 838 1630 ministrasti
858 1605 933 1630 etiam
956 1605 990 1630 ad
1007 1613 1070 1638 pro-

128 1641 279 1666 secutionem
300 1641 378 1673 ipsius
399 1641 550 1674 sufficienter
573 1649 706 1674 expensas.
742 1640 843 1664 Deinde
865 1648 942 1673 quum
961 1639 1071 1664 enormi-

129 1679 191 1701 tates
204 1675 282 1708 ipsius
300 1675 381 1700 bonae
397 1675 535 1700 memoriae
554 1675 694 1700 Caelestino
709 1675 905 1707 praedecessori
920 1679 1008 1699 nostro
1023 1682 1071 1706 per

128 1714 186 1735 tuas
198 1711 285 1735 literas
298 1710 449 1741 intimasses,
464 1710 517 1742 ipse
530 1714 598 1734 tuam
612 1710 799 1741 fraternitatem
814 1709 916 1738 monuit,
930 1713 957 1733 ut
970 1717 1025 1733 eum
1039 1708 1072 1733 ab

130 1745 209 1778 officio
230 1745 368 1777 deponeres
390 1744 516 1775 abbatiae,
538 1753 570 1769 ac
592 1745 694 1769 carceri
715 1743 891 1776 nzancipatum
913 1743 1009 1767 tamdiu
1030 1743 1070 1767 de-

127 1779 226 1810 imeres,
239 1779 318 1804 donec
331 1779 366 1804 ad
377 1783 400 1804 te
412 1779 560 1803 mandatum
575 1779 628 1803 eius
641 1779 723 1803 denuo
735 1778 886 1811 perveniret.
923 1778 983 1810 Ipse
995 1777 1071 1810 iqitur

128 1813 290 1846 depositionis
313 1814 462 1838 sententiam
491 1821 672 1846 expavescens,
702 1813 728 1837 in
755 1813 904 1845 praesentia
933 1812 1071 1836 multorum

128 1848 303 1881 episcoporum
320 1852 342 1872 et
364 1848 474 1872 aliorum
492 1848 669 1880 reliyiosorum
688 1847 801 1871 virorum
819 1846 978 1871 renunciavit
994 1854 1071 1879 spon-

129 1887 201 1908 tanee
211 1882 334 1913 abbatiae,
347 1883 392 1907 sed
402 1886 460 1915 post
470 1883 606 1915 paululum
618 1882 750 1915 poenitens
759 1890 785 1906 se
796 1882 960 1906 renunciasse
970 1881 1072 1913 penitus

129 1917 266 1950 deneqavit.
304 1918 342 1942 Tu
364 1917 447 1950 iqitur,
472 1926 549 1950 quum
571 1917 782 1949 metropolitanus
806 1916 939 1940 exsisteres
963 1915 1024 1946 eius,
1050 1919 1072 1940 et

129 1951 261 1984 legationis
274 1951 354 1985 officio
372 1950 525 1983 s'unqereris,
545 1955 568 1976 et
581 1952 615 1976 ad
631 1951 677 1975 boc
692 1959 759 1975 esses
771 1951 915 1983 specialiter
933 1950 1072 1982 deleyatus,

129 1986 246 2010 mandati
257 1986 393 2018 apostolici
404 1985 516 2017 formam
529 1994 644 2019 sequens,
654 1989 764 2019 propter
778 1985 910 2009 criminum
924 1984 1071 2009 evidentiam

126 2028 202 2053 super
215 2020 318 2045 abbatia
331 2020 354 2044 ei
363 2024 513 2053 perpetuum
527 2020 657 2053 imponere
669 2019 794 2045 silentium
808 2019 937 2044 curavisti.
958 2019 1072 2043 Tandem

130 2063 195 2086 cero,
217 2063 292 2088 quum
314 2055 445 2086 praedicto
467 2054 638 2079 Dunelmensi
657 2059 678 2079 et
701 2054 829 2079 coniudici
850 2054 902 2078 eius
919 2053 965 2077 sub
985 2052 1073 2084 forma

124 2089 259 2122 praedicta
271 2089 410 2113 sententiae
423 2093 481 2113 tuae
496 2088 563 2120 soret
581 2089 690 2121 cognitio
707 2089 832 2121 deleqata,
852 2096 939 2113 coram
957 2088 993 2112 eis
1007 2088 1074 2120 quod

129 2123 193 2148 idem
205 2123 285 2148 abbas
298 2123 486 2148 renunciaverit
499 2123 623 2154 abbatiae,
638 2123 705 2156 quod
717 2123 916 2147 incontinentiae
929 2121 986 2146 vitio
1001 2122 1071 2146 labo-

129 2157 211 2189 rabat,
228 2158 298 2191 quod
314 2166 377 2182 casa
390 2158 516 2191 quaedam
530 2158 680 2182 monasterii
692 2162 799 2190 praeter
817 2165 968 2182 consensum
982 2164 1072 2181 mona-

130 2192 233 2217 chorum
243 2192 408 2221 alienaverat,
423 2192 490 2225 quod
503 2196 527 2216 tu
538 2192 591 2216 eius
601 2192 770 2225 appellationi
778 2192 906 2216 detuleras
916 2195 938 2215 et
948 2199 1072 2224 expensas

129 2227 322 2251 ministraveras
346 2226 500 2259 appellanti,
527 2226 594 2259 quod
614 2227 766 2251 auctoritate
790 2226 925 2251 literarum
947 2225 1075 2258 praedicti

126 2261 333 2294 praedecessoris
344 2261 427 2285 nostri
436 2265 543 2293 propter
557 2260 691 2285 criminum
704 2261 854 2285 evidentiam
867 2265 889 2285 et
902 2264 1071 2293 spontaneam

130 2295 267 2320 cessionem
276 2303 444 2328 processeras
457 2296 491 2319 ad
503 2295 683 2328 depositionem
696 2295 784 2328 ipsius,
803 2299 826 2319 et
839 2295 869 2319 de
880 2294 988 2327 speciali
999 2302 1071 2319 man-

128 2330 186 2355 dato
197 2330 304 2355 eiusdem
311 2330 519 2362 praedecessoris
529 2329 613 2354 nostri
620 2338 675 2354 eum
686 2329 711 2354 in
722 2329 877 2354 monasterio
890 2329 1071 2360 Glocestrensi,

129 2364 172 2389 ubi
180 2365 254 2397 prius
267 2364 405 2388 monachus
418 2364 513 2395 suerat,
532 2363 633 2388 carceri
643 2364 847 2396 numeilmeeraS,
863 2372 910 2396 per
924 2367 996 2388 testes
1011 2363 1071 2396 leyi-

130 2399 202 2423 timos
215 2398 394 2431 comprobasti.
435 2398 531 2423 Deinde
544 2402 636 2429 autem,
651 2406 726 2431 quum
741 2398 835 2423 iudices
845 2398 895 2431 ipsi
903 2402 975 2431 qesta
986 2398 1071 2422 onznia

130 2433 283 2466 redeyissent
297 2433 322 2457 in
335 2433 437 2466 scriptis
450 2437 472 2457 et
486 2432 620 2457 terminum
630 2432 750 2465 partibus
763 2433 945 2465 assiqnassent,
962 2432 1025 2456 idem
1039 2432 1071 2457 R.

128 2467 154 2492 in
167 2467 284 2492 manibus
301 2467 350 2492 tuis
363 2472 385 2491 et
402 2467 441 2491 liti
457 2467 538 2498 cessit,
556 2471 578 2492 et
597 2466 755 2491 renunciavit
771 2471 929 2499 spontaneus
946 2466 1070 2497 abbatiae,

129 2506 204 2535 tuque
220 2501 437 2527 renunciationem
456 2501 510 2526 eius
531 2501 566 2526 ad
586 2501 691 2525 multam
710 2501 873 2534 quorundam
895 2501 1070 2533 reliqiosorum.

129 2536 240 2561 virorum
260 2536 407 2561 instantiam
432 2536 554 2568 recepisti.
594 2535 719 2565 Ceterum,
741 2535 799 2559 licet
819 2535 979 2568 saepedictus
995 2534 1027 2560 R.
1045 2543 1073 2560 se

129 2571 292 2596 renunciasse
313 2570 430 2595 abbatiae
451 2570 483 2594 ab
505 2569 575 2594 initio
597 2570 752 2601 derwyasset,
775 2570 875 2594 tandem
893 2573 977 2594 tamen
999 2569 1025 2594 id
1046 2569 1072 2594 in

129 2609 220 2630 nostra
234 2605 381 2638 praesentia
403 2603 536 2636 consessus
557 2608 601 2634 est,
619 2603 748 2633 adiiciens,
766 2604 841 2636 quod,
859 2604 920 2637 quia
937 2603 1072 2628 renuncia-

130 2643 200 2664 verat
216 2639 349 2672 spoliatus,
371 2639 424 2664 eius
441 2638 600 2664 renunciatio
619 2646 671 2663 non
689 2637 794 2663 tenebat.
830 2638 979 2670 Praeterea,
996 2646 1072 2672 (luzan

181 2777 234 2796 Tit.
248 2777 286 2796 lx.
314 2777 374 2801 Cap.
389 2777 426 2797 VI.
455 2777 475 2799 3)
487 2777 519 2795 in:
530 2775 579 2800 Καρ,
606 2775 627 2795 4)
638 2775 721 2795 firmet:
732 2774 750 2794 B
775 2774 840 2797 5)(εειε
851 2774 898 2797 ltro.
926 2774 1034 2799 6)ipsam:
1044 2775 1070 2794 ib.

130 2801 150 2826 7)
161 2803 200 2822 sub
210 2804 326 2826 praetextu
336 2804 397 2826 quasi
408 2805 432 2822 tu
442 2805 495 2822 etna:
511 2802 537 2821 1'11.
591 2802 612 2820 Sl
624 2807 669 2825 ep.:
684 2801 751 2820 dccst:
765 2800 930 2820 FGIIIKLNBab
939 2800 1000 2824 Rea..-
1010 2807 1071 2824 prae-

130 2827 195 2847 dicti:
208 2828 238 2847 Bc
267 2828 288 2852 9)
299 2829 427 2848 couiudice:
442 2827 531 2847 Fomax
541 2827 588 2851 tear.
622 2828 654 2847 10)
664 2829 728 2846 turm:
743 2826 809 2845 diest:
825 2826 912 2845 t'olttls
944 2826 978 2850 ll)
988 2827 1070 2846 dictus:

130 2853 149 2873 B
158 2853 206 2877 Ray.
258 2854 291 2877 12)
302 2854 452 2878 quorundam:
467 2853 516 2878 qu.
571 2853 602 2872 13)
614 2853 764 2872 ostensionem
775 2852 810 2871 vel
821 2853 927 2871 confess:
943 2852 980 2871 Bb.

181 2880 242 2904 Cap.
257 2880 306 2900 Vll.
334 2880 354 2903 1)
368 2879 496 2899 Itcstitntnm
511 2885 535 2898 ta:
549 2878 600 2898 aab.
617 2878 674 2897 uitet.
689 2880 706 2897 1.
720 2879 748 2900 (1.
766 2878 817 2902 15.);
836 2880 904 2902 Comp.
919 2878 947 2896 11.
962 2883 980 2897 c.
994 2883 1033 2897 nn.
1048 2878 1072 2897 de

426 2907 446 2928 2)
462 2906 486 2924 Ρ.
501 2907 526 2925 C.
541 2906 559 2924 si
574 2904 697 2924 mandatis:
713 2904 758 2923 lisa
774 2914 796 2917 —
811 2909 851 2922 scr.
867 2905 962 2923 1191—8.
977 2915 1001 2918 —
1014 2903 1073 2928 Jaffe'

549 2931 570 2953 4)
585 2936 636 2949 nos:
651 2930 720 2948 rtast:
734 2929 752 2948 B
804 2930 825 2952 5)
841 2930 958 2953 Hugouem
969 2929 1071 2949 Lemovi-

130 2905 180 2924 mai.
195 2906 214 2924 ct
226 2905 258 2925 ob.
271 2905 299 2929 (1,
315 2906 356 2929 15.)

131 2936 165 2950 no.
176 2932 244 2951 10704.
296 2932 318 2955 3)
329 2932 436 2950 lor-dano:
451 2931 497 2950 BSa

131 2962 230 2976 oensem:
244 2957 291 2976 BSa
326 2958 347 2981 6)
357 2956 424 2977 Richt.
435 2957 499 2976 malm
514 2959 605 2976 nostrae
642 2957 661 2979 7)
672 2955 737 2974 toute.
749 2955 815 2974 nmis:
829 2955 967 2974 cessantibus
1002 2955 1022 2979 8)
1033 2955 1071 2974 ob-

130 2984 205 3006 temp„
219 2985 243 3002 ut
256 2983 338 3004 decuit.
354 2984 377 3002 in
392 2984 433 3002 hae
448 2985 510 3007 parto
525 2988 594 3006 usque
608 2982 664 3001 adeo
680 2982 702 3000 in
717 2981 806 3005 negotio
820 2981 868 3005 ipso
883 2981 998 3005 processit,
1012 2982 1070 3005 quod

131 3008 226 3028 eundem
240 3009 297 3032 Hug.
312 3009 445 3028 auctoritate
461 3011 537 3028 nostra
552 3010 574 3028 et
587 3013 627 3027 sua
645 3008 672 3026 do
691 3007 801 3026 canonica
814 3007 847 3030 (in
863 3007 1007 3025 canonicum:
1024 3006 1070 3031 Bes)

131 3034 229 3053 eiusdem
239 3035 349 3054 ecclesiae
358 3035 480 3059 investivit,
491 3034 609 3058 (instituiu
623 3033 669 3057 Bcn)
679 3033 719 3052 sub
731 3038 802 3056 poena
812 3032 880 3051 officii
895 3034 917 3051 et
927 3032 1030 3051 beneficii
1040 3032 1071 3057 (et

130 3059 194 3081 bem:
208 3059 275 3080 deest:
288 3059 325 3085 Sa)
334 3060 398 3080 vobis
409 3061 536 3086 iniungens,
552 3062 576 3079 ut
585 3060 658 3086 ipsum
672 3059 773 3084 plenario
787 3059 810 3078 in
825 3058 959 3078 canonicum
972 3059 1070 3079 vestrum

440 221 650 249 DECRETAL.
670 221 835 249 GREGOR.
855 221 901 248 IX.
920 220 986 247 LIB.
1005 221 1025 246 Ι.
1044 220 1114 246 ΤΙΤ.
1134 220 1181 247 IX.
1200 221 1251 247 DE
1270 221 1587 249 RENUNCIATIONE.
1607 229 1631 248 c.
1651 224 1675 248 6.
1694 230 1719 256 7.

1988 220 2039 247 10⁶

1102 302 1126 323 tu
1145 299 1169 323 ei
1183 307 1294 332 conqrae
1308 300 1459 333 promiseris
1474 301 1615 334 procidere,
1636 308 1682 325 nec
1699 299 1808 324 colueris
1825 299 1965 332 adimplere
1978 307 2039 332 pro-

1102 334 1212 364 missum,
1231 342 1276 359 nec
1290 334 1342 367 ipse
1355 339 1438 359 ratum
1456 335 1546 360 babere
1559 335 1624 368 quod
1640 334 1737 366 fecerat
1755 334 1893 359 tenebatur.
1931 334 2041 366 Insuper

1102 372 1167 392 meta
1181 367 1266 398 fuerat
1280 369 1314 393 ad
1327 370 1543 394 renunciatimtem
1561 370 1686 399 inductus,
1704 377 1780 402 quum
1798 372 1824 392 tu
1842 368 1865 392 ei
1879 367 1960 399 fueris
1973 376 2040 391 com-

1103 403 1220 433 minatus,
1235 403 1308 435 quod,
1323 404 1347 427 si
1357 404 1391 427 ad
1403 413 1449 428 nos
1463 413 1519 429 cnm
1533 404 1642 429 indicum
1657 403 1781 428 relatione
1794 402 1895 431 reniret,
1915 402 2040 426 obtineres

1102 445 1118 460 a
1140 436 1219 466 nobis,
1241 438 1309 470 qnod
1329 446 1384 462 eum
1407 438 1432 463 in
1454 447 1557 463 citream
1576 446 1737 471 poneremus.
1776 438 1873 462 Contra
1889 436 1935 460 hoc
1957 440 2040 461 autem

1102 471 1183 494 dictus
1207 471 1403 497 arclu‘diaconus
1427 473 1567 505 replicat-it,
1593 473 1660 506 quod
1686 472 1764 496 eidem
1788 471 1820 496 R.
1844 470 1965 503 prodesse
1989 480 2041 494 non

1101 509 1202 537 poterat
1219 514 1264 530 nec
1281 506 1392 536 debebat,
1414 508 1482 540 tpunl
1499 508 1695 531 renunciaverat
1713 505 1847 539 spoliatus,
1865 509 1950 537 utpote
1967 513 2040 537 quem

1102 548 1153 563 non
1165 539 1334 572 ‹alvers-arius,
1347 541 1392 565 sed
1402 541 1475 565 iudex
1486 541 1571 574 potius
1581 541 1744 574 spoliaverat.
1768 540 1852 565 flletus
1863 543 1954 570 autent,
1969 547 2040 571 quem

1102 574 1260 605 alteffacerat
1271 582 1335 607 pars
1348 575 1464 606 adverso,
1478 585 1533 599 eant
1546 585 1596 599 non
1608 579 1710 608 poterat
1720 582 1850 605 excusare,
1864 582 1939 607 quum
1951 573 2043 598 cadere

1102 616 1152 632 non
1167 608 1277 632 debuerit
1290 609 1316 633 in
1334 614 1498 634 constantem.
1538 610 1599 638 Quis
1617 610 1704 634 etenim
1723 613 1844 633 constans
1859 612 2042 641 praesumeret,

1102 642 1170 675 quod
1182 651 1228 666 nos
1246 643 1280 667 ad
1297 647 1379 667 cotum
1398 648 1465 668 tuum
1484 645 1592 677 aliquem
1610 644 1798 668 retruderemus
1814 643 1840 667 in
1858 650 1997 671 carcerem,
2020 645 2042 666 et

1102 677 1261 708 tyrannidem
1286 685 1459 702 exerceremus
1480 679 1503 702 in
1528 687 1578 707 eos,
1603 678 1648 711 qui
1667 686 1760 702 carmus
1781 685 1842 701 suas
1866 677 1937 708 apud
1959 676 2041 701 sedem

1103 711 1269 743 apostolicam
1289 714 1499 745 prosequmttur?
1526 712 1586 736 Non
1609 721 1668 744 eryo
1686 712 1767 736 dictus
1784 711 1815 736 H.
1834 711 1915 736 debuit
1933 710 2043 744 qualibet

1103 745 1237 770 occasione
1257 754 1429 778 praesumere,
1455 747 1523 779 quod
1544 756 1590 770 nos
1610 746 1753 770 huiusmodi
1773 746 1890 770 vellemus
1911 745 2042 770 saevitiam

1102 788 1226 804 exercere.
1265 780 1338 808 Quod
1350 785 1432 805 autem
1446 781 1620 813 praesumptio
1637 781 1689 805 eius
1705 779 1800 811 frivola
1818 779 1902 811 faerit,
1921 779 2042 812 apparuit

1102 822 1132 838 er
1144 812 1294 848 postfacto]
1331 814 1408 840 Licet
1425 815 1507 847 igitur
1524 815 1607 840 iudex
1624 822 1679 839 non
1697 822 1808 847 semper
1825 813 1861 838 ad
1879 822 1961 838 unam
1979 821 2042 847 spe-

1103 848 1175 873 ciem
1188 848 1359 881 probationis
1372 849 1494 882 applicet
1508 853 1630 874 mentem
1644 857 1731 879 suam,
1750 848 1801 873 sed
1815 856 1847 873 ex
1860 847 2042 873 confessioni-

1103 882 1165 914 bus,
1188 882 1422 916 depositionibus,
1444 883 1658 915 allegationibus
1680 884 1724 908 et³
1746 882 1815 913 aliis,
1838 890 1911 915 quae
1933 882 1959 906 in
1981 881 2041 907 eius

1104 917 1264 950 praesentia
1276 921 1479 950 proponuntur,
1498 917 1615 942 sormet4
1629 916 1711 942 animi
1728 916 1768 941 sui
1786 920 1901 948 motum,
1920 921 1948 941 et
1966 920 2043 941 tanta

1104 950 1140 976 sit
1157 950 1294 976 iudicialis
1311 951 1471 983 auctoritas,
1491 955 1519 976 ut
1541 959 1654 984 semper
1672 959 1722 984 pro
1741 950 1819 983 ipso⁵
1836 950 1976 983 praesumi
1994 950 2042 976 de-

1103 985 1178 1017 beat,
1201 985 1291 1010 donec
1313 990 1410 1011 contra
1431 985 1541 1019 ipsumG
1563 985 1669 1018 aliquid
1690 984 1814 1017 legitime
1836 985 2043 1018 comprobetur,

1105 1019 1216 1053 quare⁷‚
1241 1020 1264 1045 si
1289 1024 1317 1045 tu
1343 1024 1434 1045 contra
1455 1020 1615 1052 praedit-tum
1640 1019 1671 1044 R.
1698 1027 1791 1044 coram
1814 1019 1960 1044 Dulmensi
1985 1018 2042 1052 epi-

1105 1053 1225 1087 scopo-5*
1245 1057 1272 1079 et
1294 1054 1354 1079 eius
1379 1053 1604 1079 coniudicibusv·
1626 1053 1695 1078 nihil
1719 1053 1829 1086 penitus
1855 1053 2043 1086 probavisses,

1104 1088 1235 1113 standum
1253 1092 1347 1113 tamen
1354 1089 1393 1105 ¹⁰*
1406 1089 1562 1114 sententiae
1579 1087 1679 1119 fuerat,
1697 1087 1749 1112 nisi
1763 1087 1938 1112 adversarius
1946 1088 1967 1104 11
1980 1095 2043 1113 earn

1105 1122 1267 1148 ostenderet
1284 1122 1456 1154 irritandam,
1480 1123 1545 1156 quia
1562 1126 1656 1148 tamen
1672 1126 1784 1156 praeter
1801 1121 1854 1146 ista
1868 1121 1990 1146 constitit
2008 1121 2043 1147 de

1104 1157 1191 1190 ipsius
1204 1157 1414 1182 renunciatione
1428 1161 1583 1190 spontanea
1602 1165 1652 1190 per
1666 1155 1803 1190 quasdam
1811 1157 1833 1173 ¹2
1846 1155 2043 1189 episcoporum

1104 1191 1198 1217 literas
1209 1195 1237 1216 et
1248 1190 1483 1216 confes-sionem13
1493 1191 1589 1224 ipsius,
1603 1199 1653 1216 nos
1664 1192 1694 1215 de
1704 1190 1809 1215 consilio
1823 1189 1935 1221 fratrum
1945 1195 2045 1214 nostro-

1104 1234 1160 1250 rnm
1174 1225 1199 1250 ei
1213 1233 1297 1258 super
1306 1224 1407 1250 eadem
1417 1225 1530 1251 abbatia
1541 1225 1682 1251 silentium
1693 1225 1821 1250 duximus
1832 1224 2043 1258 imponendum.

1105 1259 1243 1294 [thumus
1264 1264 1355 1291 autem,
1379 1264 1404 1284 ut
1426 1260 1503 1284 eidem
1526 1260 1626 1284 diuinae
1643 1259 1746 1292 pietatis
1768 1259 1858 1283 intuitu
1877 1259 1906 1283 de
1928 1259 2046 1283 reditibus

1104 1294 1253 1319 numasterii
1264 1294 1293 1318 de
1306 1295 1409 1319 Tornea
1423 1294 1448 1319 in
1462 1295 1548 1327 aliquo
1562 1295 1618 1319 loco
1633 1294 1749 1326 reliyioso
1763 1302 1875 1325 conqrue
1887 1292 1972 1324 facias
1982 1302 2045 1326 pro-

1105 1329 1189 1354 cideri.
1227 1328 1306 1353 Nulli
1316 1337 1375 1361 eryo
1389 1333 1433 1354 etc.
1470 1329 1534 1354 Dat.
1549 1329 1635 1354 Later.
1649 1329 1687 1354 II.
1702 1328 1773 1353 Non.
1787 1328 1844 1353 lun.
1862 1326 1947 1362 1202]

1500 1406 1572 1425 CAP.
1587 1404 1652 1426 vn.¹

1105 1446 1149 1469 Qui
1168 1445 1309 1465 renunciavit
1327 1445 1399 1464 literis
1418 1445 1599 1468 beneficialibus,
1620 1450 1665 1463 non
1684 1445 1734 1464 ideo
1753 1444 1890 1464 institutioni
1910 1445 1953 1464 iam
1973 1445 2045 1465 sactae

1454 1472 1588 1490 renunciare
1598 1471 1694 1490 videtur.

1422 1521 1643 1548 Coelestinus
1662 1522 1725 1547 ΙΙΙ.2

1174 1569 1247 1595 Sane
1265 1569 1367 1595 dilecto
1390 1569 1446 1594 filio
1465 1573 1560 1594 nostro
1578 1569 1615 1594 I.3
1638 1569 1704 1594 tituli
1723 1570 1750 1594 S.
1770 1569 1961 1594 Prudentianae
1983 1578 2044 1603 pre-

1107 1603 1219 1637 sbytero
1242 1604 1387 1636 cardinali,
1405 1608 1471 1629 tunc
1493 1603 1665 1637 apostolicae
1684 1603 1758 1629 sedis
1777 1603 1880 1636 legato,
1899 1603 1966 1629 nos4
1988 1605 2044 1629 riva

1107 1647 1166 1663 voce
1193 1638 1369 1664 meminimus
1399 1647 1430 1663 ac
1460 1638 1541 1663 literis
1571 1638 1731 1669 iniunxisse,
1761 1642 1790 1663 ut
1818 1638 1935 1662 dilectum
1962 1639 2045 1671 fitium

1106 1676 1222 1698 nostrum
1246 1673 1300 1698 H.⁵
1324 1673 1536 1704 subdiaconum,
1565 1673 1611 1706 qui
1636 1673 1758 1697 ccclesiae
1785 1673 1899 1697 vestraess
1923 1681 1939 1697 a
1960 1673 2045 1705 primo

1103 1708 1229 1740 pueritiae
1249 1707 1315 1741 flore
1335 1708 1444 1738 seri-icit,
1467 1707 1669 1731 contradictione
1689 1712 1712 1731 et
1733 1707 1905 1740 appellatione
1929 1707 2047 1732 remotis7

1107 1742 1273 1767 canonicum
1290 1741 1318 1767 in
1332 1741 1496 1767 Pictaviensi
1515 1741 1634 1767 ecclesia
1651 1741 1796 1767 instituere
1813 1746 1984 1774 procuraret,
1999 1742 2045 1775 qui

1107 1776 1246 1802 mandatis
1260 1777 1362 1802 nostris
1373 1776 1589 1809 obtemperans-*3
1603 1775 1708 1801 ibidem
1719 1775 1835 1801 instituit
1846 1775 1872 1800 in
1882 1776 2046 1801 canonicum

1108 1810 1312 1836 subdiaconum
1332 1815 1528 1836 memoratum.
1571 1810 1637 1835 I'os9
1658 1815 1740 1835 autent
1766 1819 1811 1835 ner·
1835 1810 1906 1834 nobis
1931 1819 1976 1834 nec
1999 1811 2049 1843 ipsi

1107 1846 1238 1870 cardinali
1257 1845 1423 1870 reverentiam
1446 1845 1593 1875 exhibentes,
1615 1845 1684 1878 qnod
1708 1845 1733 1869 in
1741 1844 1763 1862 10
1784 1845 1863 1869 literz's
1879 1844 1932 1869 suis
1948 1845 1978 1869 de
1995 1845 2046 1869 iam

1107 1880 1174 1904 dicto
1196 1880 1264 1912 Huq.
1287 1880 1351 1904 idem
1374 1880 1517 1904 cardinalis
1537 1879 1606 1903 cobis
1632 1879 1778 1910 iniunxitss,
1803 1879 1943 1912 adimplere
1966 1880 2048 1904 τιοηῙ2

1107 1914 1251 1945 curavistis,
1274 1923 1319 1939 nec
1341 1915 1416 1939 etiam
1439 1915 1518 1947 ipsius
1537 1914 1726 1946 suspensionem
1750 1914 1775 1938 in
1797 1913 1882 1947 aliquo
1905 1913 2046 1939 observare.

1108 1949 1159 1973 Sed
1180 1948 1363 1974 Postmodum
1382 1948 1458 1974 idem
1476 1949 1510 1973 H.
1530 1947 1705 1981 quorundam
1723 1953 1846 1973 vestrum
1864 1947 1962 1972 ductus
1980 1956 2044 1973 con-

1108 1983 1169 2008 silio
1192 1983 1285 2009 literas
1308 1991 1373 2008 suas
1396 1983 1476 2008 vobis
1498 1982 1630 2014 reddens,
1651 1986 1761 2008 vestrae
1782 1982 1992 2008 misericordiae
2016 1991 2047 2008 se

1108 2017 1266 2043 subiecitlss.
1303 2017 1403 2050 Quia14
1431 2025 1498 2043 vero
1527 2017 1601 2042 unde
1630 2016 1850 2042 misericordiam
1875 2016 1971 2042 debuit
1996 2017 2045 2042 im-

1108 2056 1228 2085 petrare,
1258 2051 1323 2077 inde
1353 2051 1462 2085 cogitur
1491 2051 1671 2085 dispendium
1701 2051 1847 2082 sustinere,
1871 2051 2046 2083 mandamus,

1108 2091 1256 2120 quatenus,
1278 2086 1362 2111 hoclfi
1382 2094 1438 2111 non
1461 2086 1592 2111 obstante
1614 2086 1681 2119 quod
1702 2094 1758 2110 cum
1781 2086 1859 2110 literis
1879 2086 1932 2110 suis
1950 2090 2047 2110 vestrae

1108 2121 1297 2146 misericordiae
1313 2129 1340 2145 se
1356 2121 1468 2151 subiecit,
1482 2120 1554 2152 infra
1567 2120 1624 2145 XX.
1638 2120 1690 2145 dies
1699 2125 1759 2153 post
1771 2120 1955 2153 susceptionem
1969 2128 2046 2153 prae-

1105 2155 1221 2186 sentium,
1239 2155 1368 2185 dilatione,
1386 2155 1586 2180 contradictione
1606 2159 1630 2179 et
1651 2155 1824 2187 appellatione
1845 2155 1954 2185 remotis,
1976 2155 2048 2179 iuxta

1107 2190 1228 2214 ecelesiae
1252 2190 1457 2214 consuetzulinem
1488 2189 1610 2223 ipsumlss
1639 2189 1667 2214 in
1691 2189 1806 2214 fratrem
1831 2193 1859 2214 et
1883 2188 2045 2214 canonicum

1107 2224 1201 2257 inteyre
1219 2232 1250 2248 ac
1264 2224 1383 2257 plenarie
1404 2223 1568 2255 admittatis,
1589 2228 1611 2248 et
1629 2223 1706 2248 eidem
1724 2224 1750 2248 in
1767 2223 1843 2247 choro
1860 2224 1963 2247 stallum
1981 2227 2003 2247 et
2020 2223 2045 2247 in

1107 2259 1218 2292 capitulo
1243 2259 1327 2283 locum
1352 2259 1522 2291 assianantes‚
1547 2259 1629 2291 ipsum
1652 2258 1745 2282 curetis
1765 2258 1795 2282 de
1819 2262 1900 2282 cetero
1924 2256 2045 2288 fraterna

1107 2293 1216 2318 caritate
1229 2297 1349 2318 tractare.
1379 2293 1501 2326 Alioquin
1514 2293 1642 2323 noveritis,
1656 2301 1703 2317 nos
1716 2292 1856 2317 venerabili
1866 2291 1947 2323 s’ratri
1956 2296 2044 2316 nostro

1108 2327 1306 2360 Arcltiepiscopo
1335 2332 1357 2352 et
1386 2327 1481 2352 dilectis
1508 2327 1571 2361 siliis
1578 2327 1600 2344 17
1629 2327 1725 2351 decano
1734 2326 1756 2343 ¹3
1783 2326 1999 2358 Burtleslalcnsiss'
2023 2330 2045 2351 et

1107 2362 1307 2387 Scmctonemiw
1319 2362 1417 2387 decano
1430 2362 1567 2387 districtius
1579 2361 1747 2391 mandavisse,
1758 2365 1784 2385 ut
1795 2361 1945 2385 ‹unctui-itate
1957 2364 2046 2385 nostra

1105 2396 1173 2428 freti,
1192 2396 1313 2421 dilatione
1331 2401 1353 2421 et
1372 2396 1573 2421 contradictione
1585 2400 1607 2420 et
1625 2396 1797 2428 appellatione
1811 2394 1964 2419 cessantibus
1971 2394 2001 2424 ²1,
2020 2395 2046 2419 id

1102 2430 1223 2464 plenarie
1250 2435 1430 2464 exsequantur,
1460 2431 1662 2455 contradictores
1691 2429 1847 2454 districtione
1874 2428 2045 2453 ecclesiastica

1103 2466 1271 2498 percellentes
1288 2465 1341 2490 et22
1358 2466 1393 2490 ad
1408 2465 1491 2489 sedem
1504 2473 1546 2498 ap.
1561 2465 1593 2489 ab
1610 2464 1691 2498 officio
1704 2468 1726 2488 et
1744 2463 1862 2496 beneficio
1878 2463 2045 2495 suspensos'23

1107 2500 1136 2524 de
1149 2499 1318 2524 inobedientia
1331 2508 1500 2532 responsuros
1513 2503 1535 2523 et
1548 2499 1713 2532 suspensione
1719 2498 1742 2515 Ἠ
1752 2497 1885 2530 praedicta
1899 2506 1913 2521 n
1919 2497 2010 2521 ullaten
2016 2505 2044 2521 us

1107 2534 1240 2559 observata
1257 2534 1430 2559 transmittere
1447 2543 1497 2558 non.
1512 2537 1678 2567 postponant,
1697 2537 1722 2557 ut
1740 2532 1774 2557 ibi
1788 2540 1871 2564 poena
1884 2531 1986 2555 docente
1999 2531 2044 2555 ad-

1107 2569 1213 2599 discant,
1231 2577 1309 2602 quam
1325 2569 1499 2601 periculosum
1516 2568 1548 2592 sit
1565 2572 1587 2592 et
1605 2567 1742 2599 indiynum,
1756 2566 1884 2591 mandatis
1897 2565 2044 2598 apostolicis

1107 2603 1217 2634 obviare,
1231 2603 1310 2628 nullis
1327 2603 1407 2628 literis
1420 2602 1577 2628 obstantibus
1594 2603 1685 2627 lan-um
1703 2605 1789 2626 tenore
1806 2600 1881 2625 tacito
1898 2608 1914 2625 a
1931 2600 1988 2624 sede
2001 2608 2043 2633 ap.

1107 2637 1285 2670 impetratis-2⁵.

1106 2775 1183 2799 (dash
1197 2774 1277 2800 BacSa)
1287 2775 1436 2795 admitteretis
1446 2777 1468 2794 ot
1477 2775 1579 2794 fratrem:
1595 2773 1639 2793 BSa
1692 2772 1712 2793 9)
1722 2773 1804 2792 verum
1815 2770 1880 2795 (αυτ-ε
1894 2770 1972 2795 derso:
1986 2770 2045 2791 Bisa

1106 2802 1138 2825 10)
1149 2802 1183 2820 in:
1197 2801 1265 2820 ἅπτει.-
1279 2801 1306 2820 ab.
1360 2801 1392 2821 11)
1403 2801 1541 2820 iniunxerat:
1556 2801 1582 2818 Sa
1636 2798 1668 2819 12)
1679 2799 1782 2817 minime:
1797 2797 1855 2816 BbNa
1904 2798 1936 2820 13)
1947 2796 2010 2816 add.:
2023 2800 2046 2817 et

1105 2828 1174 2846 infra:
1189 2826 1277 2846 Falttls
1327 2828 1360 2847 14)
1371 2827 1415 2849 Qui
1425 2833 1492 2851 quum
1504 2826 1605 2845 crederet
1615 2824 1685 2845 (add..·
1700 2830 1723 2843 se
1734 2823 1788 2841 'nate
1797 2828 1809 2841 a
1820 2822 1922 2847 ln'icbtero)
1937 2823 1994 2847 apud
2004 2829 2045 2843 vos

1105 2853 1283 2872 misericordiam
1298 2854 1417 2876 impetrare
1431 2853 1582 2875 (impetn-asse:
1602 2850 1640 2869 Bb)
1654 2850 1717 2868 vobis
1732 2849 1872 2867 satisfaciens
1890 2849 1913 2867 in
1927 2849 1968 2868 hnc
1982 2851 2045 2873 parte

1105 2879 1158 2898 inde
1168 2879 1273 2898 damnum
1284 2879 1371 2902 cogitur
1380 2879 1496 2901 sustinere,
1507 2877 1565 2896 unda
1575 2877 1668 2899 gratiam
1679 2877 1700 2894 et
1710 2875 1833 2898 praemium
1840 2874 1917 2894 debuit
1923 2877 2044 2899 reportare.

1105 2905 1212 2924 Nolontes
1232 2905 1299 2928 igitur
1313 2904 1371 2928 quod
1386 2904 1414 2923 «lo
1433 2904 1560 2927 saepedicto
1574 2903 1630 2923 Ilua.
1645 2904 1689 2920 tam
1708 2906 1721 2919 a
1739 2900 1842 2924 praeder.
1856 2901 1938 2920 nostris
1951 2906 2017 2925 quam
2032 2907 2046 2921 a

1106 2931 1170 2950 nobis
1181 2930 1309 2949 inchoatum
1321 2932 1353 2949 est
1363 2930 1503 2954 aliquatenus
1519 2928 1643 2951 relinquere
1653 2927 1815 2950 imperfectum.
1829 2926 1946 2946 universit.
1956 2929 2045 2946 vostrae

1105 2961 1144 2980 per
1158 2961 1192 2980 ap.
1203 2961 1245 2975 scr.
1261 2956 1284 2974 in
1298 2956 1381 2974 virtute
1396 2955 1538 2974 obedientiae
1552 2953 1653 2971 districto
1668 2952 1825 2976 praecipiendo
1840 2952 1983 2972 mundamus:
1997 2952 2043 2972 BSa

1108 2981 1140 3006 15)
1151 2987 1188 3001 eo:
1200 2981 1284 3000 Bata-s«
1312 2982 1344 3001 16)
1355 2981 1463 3001 eundem:
1479 2980 1522 2999 lisa
1551 2979 1582 2998 17)
1593 2977 1654 2997 «uida
1667 2978 1760 2996 nostris:
1775 2977 1804 2996 Bb
1833 2978 1865 3001 18)
1876 2979 1997 2998 canonico:
2007 2978 2048 2998 Bri

1108 3008 1140 3029 19)
1155 3008 1283 3031 Brudegant
1298 3006 1365 3024 nude:
1380 3006 1406 3025 Bt
1464 3007 1497 3024 20)
1513 3004 1664 3027 sangonensi:
1674 3004 1701 3021 Sa
1763 3003 1796 3025 ει)
1811 3004 1918 3028 suposita:
1934 3003 1973 3024 Bi:
1986 3006 2044 3028 post·

1106 3033 1188 3057 posita:
1199 3032 1241 3054 Bo.-
1252 3032 1354 3052 remotis:
1364 3032 1397 3051 lta
1448 3031 1482 3055 252)
1491 3032 1526 3050 ut:
1536 3029 1565 3049 Bb
1617 3030 1651 3054 23)
1661 3029 1723 3049 adm.-
1732 3030 1765 3049 et:
1779 3029 1805 3049 tt.
1857 3028 1891 3054 24)
1901 3030 1929 3050 do
1939 3035 2008 3055 nuspa
2019 3030 2047 3050 Bt'

1105 3059 1139 3084 25)
1149 3058 1211 3078 ad‹t.:
1220 3060 1308 3084 postca:
1318 3057 1356 3077 Bb.
