2243 3288
134 259 199 287 1117

130 346 194 371 non,
208 336 317 372 possint
333 337 433 364 fratres
446 339 483 364 ad
500 347 651 372 personam
665 339 837 374 deputatam,
857 339 923 373 (non
937 339 1067 366 obstante

131 372 311 398 concedentis
328 377 420 398 morte
438 373 483 399 vel
500 374 612 400 heredis
631 374 873 407 contradictione‚)
896 382 946 408 pro
965 375 1068 408 ipsaHfJ

129 408 248 440 pecunia
272 407 458 440 expendenda
482 416 638 440 recurrere,
663 409 735 434 sicut
759 412 889 442 poterant
913 408 950 433 ad
975 410 1067 442 ipsum

130 440 274 466 dominum
287 440 500 467 concedentem.
532 442 604 475 Quia
616 451 683 468 vero
697 443 846 477 puritatem
859 442 947 476 ipsius
961 443 1066 468 ordinis

128 474 226 500 intima
239 475 331 500 cordis
344 475 493 502 affectione
507 477 638 509 zelamus,
652 486 738 511 quum
751 477 779 502 in
792 477 941 510 praedictis
956 477 1066 503 casibus

128 508 165 534 ad
179 509 393 535 determinatam
406 512 614 544 necessitatem,
629 512 669 544 (ut
682 511 870 545 praedicitur,)
884 520 934 545 per
944 511 1066 545 aliquem

128 543 276 576 pecuniam
298 544 414 570 concedi
436 545 597 578 contigerit:
623 546 782 571 concedens
804 546 951 579 pecuniam
974 547 1065 579 rogari

128 578 218 611 possit
239 586 257 604 a
277 577 418 610 fratribus,
440 579 526 613 quod,
549 580 571 605 si
590 579 658 614 quid
675 580 711 606 de
732 579 850 613 pecunia
867 580 938 613 ipsa,
961 580 1066 613 (habita

127 612 297 638 necessitate
322 613 518 646 determinata)
544 614 694 648 supererit,
724 614 882 640 consentiat
911 614 972 648 ipse
1001 623 1065 640 con-

127 646 241 679 cedens,
261 647 337 680 quod
354 647 498 673 residuum
515 648 660 682 praefatae
677 648 814 682 pecuniae
832 648 859 673 in
873 656 918 674 res
931 649 1000 674 alias
1014 658 1064 683 pro

125 680 186 706 aliis
201 681 326 715 ipsorum
343 681 461 707 fratrum
479 682 630 716 praedictis
644 683 859 708 necessitatibus
874 688 1064 714 convertatur;

127 723 183 748 quo
201 723 258 741 non
276 716 470 742 consentiente
484 717 644 750 praedictis,
667 717 759 751 ipsum
777 717 929 749 residuum,
948 718 970 743 si
989 718 1064 751 quod

126 749 218 782 fuerit,
242 750 407 776 restituatur
431 751 534 777 eidem.
583 751 707 777 Caveant
732 755 827 777 tamen
852 751 962 784 fratres,
988 753 1064 786 quod

125 784 244 810 sollicite
268 793 299 810 se
324 789 470 819 coaptent,
495 790 525 811 ut
549 794 605 811 non
629 785 691 819 plus
717 786 839 811 scienter
860 786 977 812 concedi
999 795 1063 812 con-

125 818 256 851 sentiant,
282 827 366 853 quam
388 819 575 845 verisimiliter
597 820 737 845 aestimari
762 820 862 854 possit,
886 829 946 846 rem
968 829 1063 847 neces-

124 853 235 885 sariam,
256 861 307 887 pro
330 862 386 887 qua
406 854 525 887 pecunia
546 854 608 888 ipsa
629 854 806 886 conceditur,
827 855 984 880 valituram.
1028 856 1064 881 Et

125 887 233 921 quiana
253 888 462 922 praedictorum
486 888 592 914 seriosa
617 889 794 922 expositione
815 898 832 914 a
854 889 939 915 dante
956 890 1000 915 vel
1022 898 1063 916 re-

125 922 287 956 cipienteffl
317 922 353 948 de
382 922 457 948 facili
486 923 574 956 possit
582 923 616 940 ¹43
644 923 743 954 errari,
774 928 803 948 ut
828 923 927 949 clarius
952 924 1063 950 utilitati

126 956 260 989 dantium,
273 956 387 990 puritati
401 957 516 988 ordinis,
530 956 699 990 simplicitati
714 958 871 991 aliquorum
885 958 1063 992 simplicium,

123 991 206 1016 saluti
219 991 375 1017 animarum
392 991 456 1017 hinc
470 991 534 1017 inde
552 992 677 1017 securius
696 993 868 1018 consulatur:
891 993 1063 1018 intellectum

124 1025 210 1058 illum,
229 1025 276 1059 qui
299 1026 367 1051 satis
389 1026 417 1051 in
438 1026 492 1051 hoc
510 1034 575 1051 casu
594 1034 610 1051 a
623 1034 690 1052 sane
709 1027 881 1059 intelligente
903 1027 1062 1061 percipitur,

123 1059 280 1093 praesentis
293 1068 325 1085 ac
339 1060 366 1085 in
379 1064 524 1086 aeternum
536 1060 672 1086 valiturae
691 1061 898 1086 constitutionis
912 1062 983 1087 serie
997 1062 1062 1087 luci-

124 1094 274 1126 damus149,
295 1094 422 1120 volentes
443 1094 519 1120 illum
541 1095 578 1120 ad
603 1103 779 1121 communem
802 1095 903 1121 deduci
925 1096 1062 1128 notitiam,

123 1129 254 1155 videlicet
268 1128 345 1162 quod
362 1137 484 1162 semper,
498 1129 612 1163 quando
630 1130 749 1163 pecunia
766 1130 896 1155 fratribus
915 1130 982 1163 ipsis
1000 1131 1062 1155 mit-

123 1163 189 1189 titur
201 1163 246 1189 vel
260 1163 383 1195 offertur,
394 1163 457 1196 (nisi
468 1172 602 1197 expresse
612 1172 663 1197 per
672 1164 831 1190 mittentem
841 1165 885 1190 vel
896 1164 1062 1190 offerentem

123 1198 199 1223 aliud
215 1198 405 1232 exprimatur,)
423 1198 575 1231 praedictis
592 1198 684 1223 modis
702 1207 815 1231 prorsus
835 1199 959 1231 obligata
967 1199 1001 1216 15¹⁰
1022 1199 1061 1224 in-

122 1233 263 1266 telligatur
273 1237 301 1258 et
310 1231 405 1258 missa.
429 1233 493 1258 Non
503 1232 578 1258 enim
587 1233 737 1258 verisimile
748 1238 800 1265 est,
806 1233 930 1266 aliquem
940 1233 1061 1259 eleemo-

121 1275 208 1300 synae
221 1275 289 1292 suae
303 1267 363 1292 sine
376 1267 558 1300 expressione
571 1267 686 1292 modum
700 1267 819 1292 mummi
832 1267 998 1301 praefigere,
1011 1276 1062 1301 per

123 1309 208 1335 quem
225 1306 253 1327 et
271 1301 378 1327 donans
394 1301 504 1334 merito,
522 1301 567 1327 vel
585 1302 631 1333 illi,
651 1310 769 1335 quorum
787 1301 1003 1327 necessitatibus
1021 1301 1060 1327 in-

123 1336 212 1362 tendit
233 1344 284 1370 per
302 1335 408 1361 donum
428 1336 588 1361 huiusmodi
606 1336 796 1370 prox-ide1·i15²‚
813 1336 857 1362 vel
875 1335 975 1362 effectu
994 1336 1060 1361 doni

121 1371 167 1396 vel
189 1379 257 1396 suae
274 1370 462 1396 conscientiae
484 1370 604 1404 puritate
622 1370 794 1396 fraudentur.
829 1370 875 1396 Ad
896 1371 975 1402 haec,
995 1371 1060 1404 quia

121 1404 254 1430 fratribus
272 1404 341 1438 ipsis
359 1405 499 1430 interdum
513 1405 541 1430 in
554 1405 656 1430 ultimis
671 1405 861 1430 voluntatibus
875 1405 927 1430 sub
942 1405 1059 1431 diversis

121 1439 213 1465 modis
226 1439 359 1465 nonnulla
371 1439 508 1472 legantur,
518 1447 570 1465 nec
581 1447 723 1473 expresse,
735 1439 802 1472 quid
817 1439 852 1465 de
863 1439 905 1465 his
916 1439 1059 1472 agendum

121 1474 166 1506 sit,
177 1474 205 1499 in
218 1474 315 1508 regula
327 1474 373 1499 vel
386 1473 636 1507 praedecessorum
650 1479 809 1499 nostrorum
823 1473 1059 1499 declarationibus

121 1508 290 1534 continetur:
315 1516 350 1533 ne
368 1507 396 1533 in
413 1508 482 1542 ipsis
497 1508 618 1533 dubitari
632 1508 775 1541 contingat
788 1509 816 1533 in
829 1512 983 1542 posterum,
996 1516 1058 1541 pro-

119 1543 243 1569 videndo
256 1542 416 1576 legantibus
430 1547 459 1568 et
475 1542 592 1568 fratrum
606 1542 783 1568 conscientiis
801 1542 996 1576 praecavendo
1011 1542 1058 1568 de-

121 1577 268 1609 claramus,
288 1577 448 1602 ordinamus
467 1582 495 1602 et
513 1577 639 1608 dicimus,
654 1577 739 1610 quod,
753 1577 776 1602 si
794 1581 913 1602 testator
934 1577 1058 1609 modum,

120 1612 276 1638 secundum
293 1619 378 1645 quem
395 1611 536 1643 fratribus,
551 1612 659 1644 (eorum
678 1611 837 1637 conditione
857 1612 1002 1645 inspecta,)
1017 1620 1058 1637 re-

120 1647 214 1681 cipere
225 1655 281 1672 non
291 1646 397 1678 liceret,
407 1646 544 1679 exprimat
555 1647 581 1670 in
593 1645 724 1678 legando,
736 1650 764 1670 ut
775 1646 797 1671 si
808 1646 915 1679 legaret
926 1645 1058 1671 fratribus

120 1681 232 1707 vineam
241 1681 287 1706 vel
299 1688 398 1714 agrum
411 1681 447 1705 ad
461 1680 655 1711 excolendum,
667 1680 781 1705 domum
794 1680 830 1705 ad
844 1680 1003 1712 locandum,
1014 1680 1059 1705 vel

120 1715 222 1741 similia
234 1715 320 1741 verba
332 1715 361 1740 in
373 1715 509 1740 similibus
523 1715 670 1748 proferret,
683 1719 731 1739 aut
743 1714 844 1740 modos
858 1714 962 1740 similes
976 1715 1004 1739 in
1017 1723 1058 1740 re-

119 1749 273 1783 linquendo
299 1754 432 1781 servaret,
457 1758 474 1774 a
494 1749 543 1774 tali
567 1749 661 1781 legato
684 1754 711 1774 et
737 1749 797 1774 eius
822 1749 983 1782 receptione
1008 1757 1059 1782 per

121 1793 234 1810 omnem
246 1783 363 1810 modum
380 1783 480 1809 fratres
498 1783 665 1808 abstineant.
702 1783 730 1808 Si
744 1791 810 1808 vero
824 1783 939 1808 modum
952 1783 1057 1808 licitum

119 1819 250 1844 fratribus
260 1818 288 1844 in
302 1818 422 1851 legando
435 1822 553 1843 testator
564 1817 742 1851 expresserit,
753 1822 792 1849 ut,
803 1817 825 1843 si
836 1818 954 1843 diceret:
969 1818 1057 1851 „lego

119 1853 267 1887 pecuniam
295 1861 346 1886 pro
375 1852 491 1878 fratrum
515 1852 730 1877 necessitatibus
761 1852 988 1886 expendendam,
1013 1852 1057 1877 vel

120 1888 245 1920 domum,
259 1895 366 1920 agrum,
379 1887 490 1912 vineam
509 1891 536 1912 et
554 1884 654 1911 similia
669 1886 705 1911 ad
722 1886 784 1919 hoc,
799 1886 875 1920 quod
889 1895 940 1920 per
953 1891 1057 1912 certam

119 1930 270 1956 personam
283 1921 328 1947 vel
345 1929 478 1955 personas
497 1921 613 1946 idoneas
628 1921 825 1952 distrahantur,
839 1925 866 1946 et
879 1921 1007 1954 pecunia,
1021 1921 1056 1946 de

120 1957 205 1982 rebus
223 1956 291 1990 ipsis
310 1960 437 1989 accepta,
450 1956 478 1980 in
495 1955 624 1980 aedificia
640 1955 685 1980 vel
699 1955 753 1980 alia
770 1955 886 1981 fratrum
899 1955 1057 1981 necessaria

120 1995 298 2016 convertatur
306 1990 369 2022 ¹⁵3,“
385 1995 433 2015 aut
451 1990 478 2015 in
496 1989 617 2023 legando
636 1989 772 2015 similibus
790 1990 882 2015 modis
901 1990 945 2015 vel
963 1989 1055 2015 verbis

119 2030 225 2051 utatur:
250 2025 278 2050 in
299 2025 353 2049 hoc
375 2032 441 2049 casu
463 2024 531 2049 illud
552 2024 578 2049 in
602 2024 730 2049 omnibus
749 2029 776 2050 et
793 2033 844 2057 per
861 2024 963 2056 omnia,
981 2024 1056 2057 (con-

119 2059 249 2085 sideratis
279 2067 376 2084 eorum
405 2058 620 2084 necessitatibus
648 2062 676 2083 et
703 2058 942 2084 moderaminibus
973 2067 1057 2092 supra

120 2094 221 2126 dictis,)
233 2098 368 2127 quantum
381 2093 417 2118 ad
431 2093 529 2118 fratres
541 2092 644 2118 servari
655 2092 840 2125 decernimus,
852 2093 928 2126 quod
941 2101 992 2126 per
1004 2101 1055 2118 nos

119 2133 163 2154 est
174 2128 301 2162 superius
312 2128 339 2152 in
351 2127 492 2153 concessis
504 2127 669 2161 pecuniariis
679 2127 865 2160 eleemosynis
876 2127 1056 2153 declaratum.

118 2163 164 2189 Ad
181 2171 253 2197 quae
270 2163 365 2195 legata
381 2161 516 2187 solvenda
529 2166 587 2186 tam
600 2161 720 2187 heredes
734 2166 899 2187 testatorum
913 2169 997 2195 quam
1011 2170 1056 2187 ex-

118 2202 262 2223 secutores
277 2205 307 2222 se
320 2196 451 2222 liberales
465 2196 614 2222 exhibeant
622 2196 665 2228 154,
680 2200 708 2221 et
721 2196 806 2221 etiam
824 2196 941 2229 praelati
955 2200 982 2221 et
996 2204 1055 2221 sae-

118 2232 236 2264 culares,
258 2231 360 2265 quibus
382 2231 418 2256 de
440 2230 498 2255 iure
519 2230 606 2256 vell-'’³'’
627 2230 830 2256 consuetudine
855 2230 978 2264 provisio
1003 2230 1056 2255 ista

119 2271 302 2300 competeret,
313 2273 398 2299 quum
412 2264 576 2298 expedierit,
588 2273 618 2290 se
632 2273 665 2290 ex
678 2264 771 2289 officio
785 2273 835 2289 suo
850 2269 996 2298 promptos
1010 2273 1056 2290 ex-

117 2301 233 2327 hibeant
245 2300 281 2326 ad
295 2301 355 2334 pias
369 2299 527 2325 voluntates
541 2299 731 2324 deficientium
744 2299 948 2332 adimplendas
984 2300 1056 2324 Nam

118 2339 146 2362 et
163 2343 214 2361 nos
229 2335 313 2360 etiam
331 2342 381 2367 per
398 2333 497 2359 modos
515 2333 605 2358 licitos
619 2337 646 2359 et
660 2333 776 2358 fratrum
789 2333 903 2366 regulae
917 2341 1055 2366 congruos

117 2369 289 2395 intendimus
303 2368 461 2402 providere,
476 2367 552 2401 quod
563 2368 596 2385 ¹5¹⁵
613 2367 749 2393 heredum
768 2367 906 2401 cupiditas
925 2368 1055 2400 legitimis

117 2404 219 2430 ictibus
234 2403 358 2435 feriatur,
371 2403 446 2428 118157
464 2404 511 2436 pia
528 2402 723 2427 defunctorum
742 2402 912 2427 destituatur
929 2401 1055 2433 intentio,

118 2447 151 2464 ac
164 2438 217 2472 ipsi
235 2437 334 2463 fratres
353 2445 493 2471 pauperes
511 2436 676 2470 opportunis
691 2436 799 2462 auxiliis
813 2445 868 2461 non
882 2436 1055 2462 fraudentur.

118 2473 145 2499 Si
163 2480 229 2498 vero
248 2472 379 2497 fratribus
397 2471 465 2505 ipsis
483 2471 651 2504 generaliter
665 2470 771 2504 aliquid
789 2471 898 2504 absque
915 2470 992 2495 modi
1010 2479 1055 2496 ex-

118 2508 264 2541 pressione
277 2507 398 2540 legetur:
413 2506 440 2531 in
454 2506 507 2531 hoc
520 2505 624 2537 legato,
634 2505 674 2530 sic
685 2505 900 2530 indeterminate
911 2505 1017 2537 relicto,
1028 2505 1054 2530 in

118 2541 247 2567 omnibus
261 2545 289 2566 et
303 2549 353 2574 per
366 2540 459 2565 omnia
473 2539 589 2572 intelligi
602 2548 634 2565 ac
650 2539 752 2565 servari
767 2540 894 2565 volumus
908 2543 935 2565 et
953 2539 979 2564 in
994 2548 1054 2572 per-

117 2581 234 2610 petuum
258 2575 400 2609 praesenti
425 2575 625 2599 constitutione
650 2574 792 2605 iubemus,
818 2574 894 2607 quod
919 2581 1003 2607 supra
1028 2573 1055 2599 in

118 2610 237 2644 pecunia
254 2617 303 2635 seu
321 2609 510 2642 eleemosyna,
525 2608 656 2633 fratribus
675 2608 889 2633 indeterminate
904 2608 999 2633 oblata
1011 2607 1055 2633 vel

117 2645 203 2671 missa
220 2644 359 2670 voluimus
377 2651 409 2669 ac
427 2642 615 2676 expressimus
633 2642 786 2673 observari,
800 2642 941 2674 videlicet,
956 2646 985 2667 ut
1003 2642 1054 2667 sub

117 2680 203 2705 modo
216 2679 291 2704 licito
305 2678 437 2703 fratribus
452 2677 622 2710 intelligatur
633 2685 696 2702 esse
707 2677 842 2708 relictum,
854 2677 901 2708 ita,
913 2676 989 2710 quod
1003 2685 1055 2702 nec

116 2714 214 2748 legans
239 2713 350 2744 merito,
371 2720 424 2738 nec
448 2712 548 2737 fratres
573 2711 625 2745 ipsi
649 2711 750 2737 effectu
772 2710 860 2737 relicti
882 2710 1054 2736 fraudentur.

118 2748 231 2782 Quiaffiss
248 2756 314 2773 vero
333 2747 418 2772 libros
437 2750 464 2772 et
481 2746 535 2771 alia
552 2745 674 2777 mobilia,
688 2745 789 2779 quibus
808 2750 864 2771 tam
881 2745 951 2770 ordo
971 2753 1055 2779 quam

117 2783 216 2809 fratres
245 2786 374 2814 utuntur,
400 2780 560 2815 quorumffiss'
589 2779 756 2811 dominium,
786 2780 883 2813 (quum
912 2787 968 2805 non
1001 2780 1055 2805 sint

117 2817 232 2843 dominii
251 2816 390 2849 aliorum,)
406 2815 442 2841 ad
465 2813 622 2848 praefatam
644 2814 793 2840 ecclesiam
811 2814 970 2848 specialiter
992 2822 1055 2848 spe-

117 2855 192 2877 ctare
211 2850 435 2885 dignoscitur100,
453 2848 593 2875 interdum
610 2849 746 2881 contingit
768 2856 818 2874 seu
840 2848 954 2882 expedit
970 2848 1055 2874 vendi

116 2886 162 2912 vel
175 2886 260 2912 etiam
277 2884 455 2911 commutari:
478 2884 593 2910 fratrum
610 2882 775 2908 utilitatibus
794 2888 821 2909 et
830 2883 863 2901 1⁶1
881 2891 977 2908 eorum
992 2891 1054 2909 con-

890 2996 936 3019 147)
946 2995 982 3016 vel
992 3002 1015 3016 a:
1029 2995 1055 3016 171.

909 3023 955 3041 151)
966 3023 1056 3042 modum

649 2996 694 3019 146)
705 2996 757 3020 quia
767 2995 800 3015 in:
815 2995 840 3015 ib.

167 2999 220 3018 Tit.
234 2999 282 3018 ΧΠ.
311 2998 373 3022 Cap.
389 2998 428 3017 111.
456 2997 502 3017 145)
513 2996 562 3016 illa:
577 2995 603 3015 171.

652 3022 697 3045 150)
708 3022 793 3041 oblata:
807 3021 867 3041 sisar.

116 3024 161 3047 148)
171 3026 257 3049 posset:
272 3025 298 3044 ὥ.
340 3024 386 3047 149)
398 3024 534 3043 lucidamus:
549 3022 615 3041 Rirht.
784 3048 787 3051 Ι

115 3051 185 3070 velle:
200 3050 226 3070 i‘b.
267 3050 313 3075 152)
323 3051 453 3074 providere:
468 3050 494 3068 ib.
536 3049 582 3071 153)
593 3050 764 3067 convertantur:
779 3047 806 3066 ub.

116 3077 185 3100 prael.
196 3078 218 3096 et
228 3077 307 3096 etiam:
322 3076 349 3095 ib.
413 3076 458 3095 155)
468 3075 504 3094 vel
514 3075 552 3093 de:
567 3074 594 3093 ιἸι.
654 3074 699 3097 156)
709 3073 768 3097 quod
779 3075 811 3092 et:
826 3073 851 3092 ¹71.
906 3075 951 3098 157)
963 3079 1016 3093 uec:
1030 3074 1056 3093 ib.

117 3101 163 3126 158)
173 3102 298 3122 dominium
307 3102 415 3122 librorum
426 3104 448 3121 et
457 3101 552 3121 aliorum
563 3100 691 3119 mobilium:
706 3100 734 3118 ι’[ι.
775 3100 821 3123 159)
832 3105 889 3124 quae
898 3101 974 3119 tamen
985 3099 1056 3124 (quor.

414 260 521 288 SEXTI
539 261 749 288 DECRETAL.
768 262 834 288 LIB.
853 262 888 288 V.
906 262 976 288 TIT.
995 262 1055 288 XII.
1076 263 1126 289 DE
1145 263 1355 290 VERBORUM
1375 264 1679 290 SIGNIFICATIONE.
1699 272 1721 290 e.
1742 271 1766 297 3.

1979 262 2044 289 1118

1103 341 1224 367 scientiis
1243 342 1390 376 providere
1404 342 1540 375 volentes,
1554 342 1654 368 eadem
1671 341 1836 368 auctoritate
1851 340 2040 373 concedimus,

1103 380 1131 401 ut
1150 378 1329 402 commutatio
1349 376 1444 403 talium
1461 385 1563 409 rerum,
1582 382 1610 403 et
1627 377 1663 402 ad
1681 386 1729 402 eas
1748 385 1802 408 res,
1820 385 1939 410 quarum
1960 384 2042 401 usum

1102 409 1232 436 fratribus
1255 411 1319 437 licet
1341 411 1455 443 habere,
1477 411 1512 437 de
1537 411 1753 445 gcneraliumlssz'
1778 416 1806 437 et
1829 410 2041 445 provincialium

1102 444 1290 470 ministrorum
1320 445 1346 470 in
1381 446 1438 471 suis
1471 446 1761 471 administrationibus
1795 445 1962 470 coniunctim
1995 444 2041 470 vel

1102 479 1211 505 divisim
1229 480 1395 505 auctoritate
1413 480 1559 513 procedat,
1578 480 1678 513 quibus
1697 480 1782 505 etiam
1800 480 1835 505 de
1854 479 2042 513 dispositione

1101 521 1167 538 usus
1182 514 1277 539 talium
1290 522 1383 540 rerum
1397 514 1575 540 concedimus
1590 515 1728 540 ordinare.
1766 514 1793 539 Si
1807 522 1874 540 vero
1888 522 1933 540 res
1947 514 2039 539 huius-

1101 547 1177 572 modi
1191 548 1339 574 acstimato
1354 549 1443 582 pretio
1457 548 1540 574 vendi
1555 549 1708 581 contingat,
1723 556 1808 581 quum
1827 548 1958 574 fratribus
1973 548 2040 581 ipsis

1102 590 1152 615 per
1165 590 1195 608 se
1209 583 1253 608 vel
1271 591 1321 616 per
1338 583 1422 608 alium
1440 582 1566 616 recipere
1584 583 1741 616 pecuniam,
1755 583 1852 615 regula
1872 583 2041 616 prohibente

1101 624 1155 641 non
1175 616 1268 642 liceat:
1296 617 1457 642 ordinamus
1475 622 1502 642 et
1520 617 1658 648 volumus,
1677 617 1754 650 quod
1773 618 1835 642 talis
1854 617 1972 650 pecunia
1990 625 2039 642 seu

1100 650 1221 683 pretium
1235 651 1384 684 recipiatur
1397 656 1424 677 et
1437 651 1611 684 expendatur
1624 652 1650 676 in
1664 660 1723 676 rem
1741 651 1853 683 licitam,
1868 651 1945 676 cuius
1960 659 2040 676 usum

1100 684 1232 711 fratribus
1246 685 1310 710 licet
1324 686 1439 717 habere,
1452 694 1503 719 per
1516 690 1735 719 procuratorem,
1746 694 1761 710 a
1775 686 1902 719 praefata
1915 686 1983 711 sede
1996 685 2042 710 vel

1100 727 1115 744 a
1127 719 1259 745 cardinali
1273 720 1508 753 gubernationem
1521 727 1571 753 per
1582 720 1671 753 ipsam
1683 720 1781 745 sedem
1794 720 1902 752 gerenti
1913 719 2041 745 eiusdem

1100 753 1205 779 ordinis
1223 754 1425 787 deputandum,
1439 754 1514 779 iuxta
1531 754 1647 779 modum
1665 754 1692 778 in
1710 754 1901 787 superioribus
1919 754 2040 780 necessi-

1101 787 1203 813 tatibus
1221 788 1380 821 praeteritis
1403 793 1431 814 et
1452 788 1645 821 ingruentibus
1668 788 1836 814 ordinatum.
1873 790 1917 814 De
1939 789 2040 813 vilibus

1099 826 1193 848 autem
1211 823 1364 848 mobilibus
1382 823 1428 848 vel
1449 831 1547 856 parum
1570 822 1728 848 valentibus
1747 822 1829 848 liceat
1848 831 1881 848 cx
1899 823 2040 856 praesenti

1099 861 1195 882 nostra
1209 857 1390 882 concessione
1404 857 1536 882 fratribus
1556 856 1678 889 (pietatis
1693 865 1742 882 seu
1757 857 1916 882 devotionis
1931 857 2041 889 intuitu,

1099 891 1143 916 vel
1161 899 1211 924 pro
1222 891 1256 908 ¹1²3
1272 891 1326 916 alia
1343 891 1463 917 honesta
1479 895 1507 916 et
1525 890 1683 916 rationabili
1702 892 1806 923 causa,)
1826 891 1942 917 obtenta
1956 900 2040 925 super

1099 925 1152 950 hoc
1179 925 1256 958 prius
1283 926 1459 959 superiorum
1481 933 1594 950 suorum
1620 925 1745 957 licentia,
1768 925 1843 951 iuxta
1868 925 1943 959 quod
1969 926 2040 951 inter

1099 959 1198 985 fratres
1212 960 1239 984 in
1252 960 1376 992 generali
1390 960 1435 985 vel
1453 959 1480 984 in
1489 959 1523 977 ¹⁴3⁴
1545 959 1762 993 provincialibus
1781 961 1909 993 capitulis
1927 966 1984 986 tam
2004 960 2039 985 de

1099 993 1167 1027 ipsis
1187 994 1271 1019 rebus
1289 994 1391 1019 vilibus
1410 1002 1460 1019 seu
1479 1002 1577 1027 parum
1595 993 1752 1019 valentibus
1771 999 1799 1019 et
1817 1003 1913 1020 earum
1935 995 2039 1025 valore,

1099 1036 1183 1061 quam
1208 1028 1335 1062 praefata
1360 1028 1481 1059 licentia,
1504 1028 1619 1059 scilicet,
1644 1036 1660 1053 a
1682 1028 1783 1061 quibus
1808 1033 1835 1053 et
1861 1029 1979 1062 qualiter
2004 1029 2040 1053 sit

1099 1062 1238 1095 habenda,
1257 1063 1394 1088 exstiterit
1413 1062 1581 1094 ordinatum,
1599 1062 1670 1087 intra
1689 1067 1716 1088 et
1734 1067 1811 1088 extra
1829 1063 1956 1088 ordinem
1978 1063 2038 1088 aliis

1098 1097 1217 1130 elargiri.
1253 1097 1331 1122 Licet
1353 1102 1447 1122 autem
1465 1097 1640 1122 contineatur
1662 1097 1689 1121 in
1711 1097 1816 1129 regula,
1839 1097 1915 1130 quod
1938 1097 2038 1123 fratres

1098 1131 1220 1156 habeant
1238 1140 1321 1157 unam
1339 1132 1460 1157 tunicam
1478 1139 1541 1156 cum
1559 1131 1680 1164 caputiO,
1695 1135 1723 1156 et
1740 1131 1822 1156 aliam
1841 1132 1901 1157 sine
1914 1133 2036 1165 caputio,

1098 1170 1125 1191 et
1138 1165 1225 1190 videri
1244 1166 1336 1199 possit
1354 1166 1400 1191 illa
1417 1165 1504 1191 fuisse
1522 1165 1692 1191 instituentis
1710 1166 1837 1197 intentiO,
1852 1166 1928 1199 quod
1941 1174 2037 1192 neces-

1099 1199 1181 1225 sitate
1195 1204 1324 1226 cessante
1339 1199 1466 1233 pluribus
1480 1208 1536 1225 non
1549 1204 1674 1225 utantur:
1689 1199 1874 1232 declaramus,
1885 1200 1962 1234 quod
1975 1209 2039 1234 pos-

1097 1234 1151 1259 sint
1165 1234 1264 1260 fratres
1279 1234 1314 1260 de
1328 1234 1440 1260 licentia
1457 1234 1645 1259 ministrorum
1661 1237 1690 1259 et
1708 1234 1855 1260 custodum
1869 1235 2036 1260 coniunctim

1097 1272 1124 1294 et
1142 1268 1254 1294 divisim
1272 1269 1299 1294 in
1321 1268 1609 1294 administrationibus
1632 1268 1685 1293 sibi
1703 1269 1869 1301 commissis,
1889 1277 1974 1302 quum
1996 1270 2037 1295 eis

1095 1302 1244 1335 videbitur,
1270 1303 1405 1336 (pensatis
1430 1303 1645 1328 necessitatibus
1672 1307 1699 1328 et
1723 1303 1785 1328 aliis
1811 1303 2036 1335 circumstantiis,

1097 1345 1168 1370 quae
1191 1337 1346 1362 secundum
1364 1338 1458 1363 Deum
1480 1342 1507 1363 et
1530 1337 1655 1370 regulam
1677 1337 1867 1363 attendendae
1886 1338 2036 1370 videntum)

1096 1371 1134 1396 uti
1151 1371 1286 1404 pluribus,
1299 1380 1351 1397 nec
1368 1380 1419 1405 per
1436 1372 1490 1397 hoc
1506 1371 1656 1397 videantur
1668 1380 1685 1397 a
1698 1372 1795 1404 regula
1814 1372 1936 1404 deviare,
1951 1381 2037 1406 quum

1096 1405 1179 1431 etiam
1195 1406 1222 1431 in
1236 1406 1297 1440 ipsa
1311 1406 1419 1431 dicatur
1432 1414 1575 1440 expresse,
1589 1406 1666 1439 quod
1681 1406 1799 1432 ministri
1813 1411 1841 1432 et
1854 1407 1987 1432 custodes
2001 1407 2036 1432 de

1095 1439 1268 1466 infirmorum
1286 1440 1503 1466 necessitatibus
1522 1445 1549 1466 et
1567 1440 1698 1466 fratribus
1716 1441 1864 1467 iuduendis
1887 1441 2035 1466 sollicitam

1095 1482 1189 1499 curam
1202 1479 1301 1508 gerant
1311 1475 1465 1500 secundum
1476 1475 1537 1500 loca
1548 1479 1576 1500 et
1586 1479 1715 1508 tempora
1726 1479 1753 1500 et
1768 1475 1882 1508 frigidas
1894 1476 2034 1508 regiones.

1095 1509 1130 1533 Et
1146 1517 1318 1542 quamquam
1331 1509 1477 1543 praedicta
1490 1509 1587 1542 regula
1598 1510 1748 1541 contineat,
1763 1509 1840 1543 quod
1854 1510 1890 1535 de
1903 1510 2034 1535 fratribus

1095 1543 1242 1569 induendis
1261 1548 1289 1569 et
1306 1544 1524 1569 necessitatibus
1547 1543 1719 1568 infirmorum
1741 1544 1858 1569 ministri
1877 1549 1984 1570 tantum
2006 1549 2034 1570 et

1094 1577 1228 1603 custodes
1242 1578 1391 1603 sollicitam
1409 1586 1504 1603 curam
1521 1582 1629 1611 gerant,
1647 1583 1676 1603 et
1694 1578 1779 1603 dictio
1798 1578 1856 1604 illa:
1879 1580 2035 1611 „tantum“

1094 1611 1166 1637 adeo
1174 1612 1210 1630 1²35
1222 1612 1363 1637 ministros
1375 1616 1402 1638 et
1416 1612 1548 1638 custodes
1559 1612 1587 1637 in
1600 1612 1652 1637 hac
1663 1620 1727 1637 cura
1738 1613 1928 1646 perstringere
1939 1613 2033 1639 videa-

1094 1646 1188 1678 tui·l'3⁰,
1212 1647 1289 1680 quod
1310 1647 1345 1672 ab
1369 1655 1402 1672 ea
1426 1651 1535 1672 ceteros
1558 1646 1649 1680 prima
1670 1646 1741 1672 facie
1759 1647 1942 1673 excludatffl:
1970 1648 2034 1681 quia

1094 1685 1187 1706 tamen
1201 1681 1319 1707 sollicite
1333 1681 1512 1707 considerare
1531 1689 1582 1706 nos
1601 1681 1731 1707 convenit
1749 1686 1776 1707 et
1794 1685 1904 1715 tempus
1919 1683 2032 1715 regulae

1094 1715 1247 1747 institutae,
1262 1724 1317 1749 quo
1332 1716 1432 1741 fratres
1446 1715 1534 1741 istil(js
1551 1715 1587 1740 ad
1601 1716 1839 1749 comparationem
1854 1721 2033 1749 praesentem

1093 1757 1208 1775 numero
1227 1750 1308 1783 pauci
1325 1754 1413 1782 erant,
1427 1755 1454 1775 et
1472 1750 1567 1775 forsan
1584 1750 1701 1775 ministri
1720 1750 1791 1776 etl&9
1808 1750 1942 1776 custodes
1954 1751 2030 1776 vide-

1093 1784 1194 1809 bantur
1212 1788 1277 1809 tunc
1299 1784 1335 1809 ad
1354 1785 1407 1810 ista
1428 1784 1604 1818 procuranda
1626 1792 1710 1818 posse
1729 1784 1868 1816 sufficere,
1885 1794 1918 1810 ac
1935 1785 2032 1810 nihilo-

1093 1819 1183 1844 minus
1197 1818 1444 1852 multiplicationes
1459 1818 1573 1844 fratrum
1585 1823 1612 1844 et
1625 1819 1754 1844 moderni
1766 1819 1900 1853 temporis
1915 1819 2032 1853 qualita-

1093 1856 1159 1884 tem,
1184 1861 1237 1878 nec
1258 1854 1295 1878 sit
1319 1853 1479 1884 verisimile,
1502 1853 1616 1878 beatum
1640 1853 1819 1879 Franciscum
1845 1854 2032 1880 institutorem

1092 1887 1207 1920 regulae
1233 1887 1279 1913 vel
1303 1887 1370 1921 ipsis
1395 1888 1528 1913 ministris
1555 1892 1583 1913 et
1610 1888 1774 1913 custodibus
1800 1888 2032 1922 impossibilitatis

1092 1921 1187 1954 iugum
1200 1921 1320 1947 voluisse
1334 1921 1500 1955 praefigere,
1513 1922 1558 1948 vel
1571 1930 1605 1948 ex
1618 1922 1705 1955 ipsius
1720 1922 1954 1956 impossibilitatis
1968 1931 2031 1948 con-

1092 1956 1240 1989 sequentia
1253 1956 1351 1982 fratres
1366 1957 1442 1990 ipsos
1457 1957 1514 1982 suis
1527 1957 1742 1982 necessitatibus
1754 1957 1826 1982 velle
1841 1965 1947 1983 carere:
1968 1965 2031 1982 con-

1092 1990 1227 2022 cedimus,
1247 1990 1323 2024 quod
1346 1990 1399 2024 ipsi
1416 1991 1536 2016 ministri
1554 1995 1582 2016 et
1604 1991 1735 2016 custodes
1758 1991 1868 2024 possint
1890 2000 1940 2025 per
1962 1992 2030 2017 alios

1091 2025 1250 2050 huiusmodi
1258 2025 1293 2042 ΠΗ
1310 2033 1393 2050 curae
1410 2025 1627 2050 sollicitudinem
1643 2034 1782 2051 exercere.
1819 2026 1933 2052 Debent
1946 2026 2030 2052 etiam

1092 2064 1120 2084 et
1137 2059 1182 2084 alii
1201 2060 1300 2085 fratres
1318 2067 1413 2084 curam
1431 2059 1642 2091 huiusmodiffl,
1657 2068 1730 2093 quae
1744 2060 1879 2093 praefatis
1897 2061 2031 2086 ministris

1093 2098 1120 2118 et
1143 2093 1307 2119 custodibus
1329 2093 1480 2127 praecipue
1502 2094 1638 2119 incumbit
1655 2102 1689 2119 ex
1706 2094 1800 2119 liac¹72
1821 2095 1926 2127 regula,
1946 2103 2031 2128 quum

1092 2127 1144 2152 sibi
1158 2128 1194 2153 ab
1212 2128 1264 2153 illis
1282 2128 1432 2153 commissa
1450 2128 1541 2160 fuerit,
1555 2136 1654 2161 gerere
1669 2128 1826 2162 diligenter.
1865 2129 2030 2154 Continetur

1092 2170 1206 2195 quoque
1219 2162 1245 2187 in
1259 2162 1365 2195 regula,
1379 2162 1455 2195 quod
1469 2162 1579 2195 fratres,
1594 2162 1694 2196 quibus
1709 2163 1828 2196 gratiam
1842 2163 1920 2188 dedit
1934 2163 2030 2188 Domi-

1092 2204 1143 2221 nus
1157 2196 1312 2228 laborandi,
1323 2197 1450 2222 laborent
1464 2197 1585 2222 fideliter
1598 2202 1626 2222 et
1640 2197 1751 2229 devote,
1763 2198 1809 2229 ita,
1821 2198 1907 2231 quod,
1918 2198 2030 2223 excluso

1092 2231 1149 2255 otio
1163 2231 1272 2256 animae
1286 2231 1407 2262 inimico,
1419 2236 1532 2256 sanctae
1544 2231 1676 2256 orationis
1689 2236 1716 2257 et
1731 2232 1888 2257 devotionis
1902 2232 2030 2265 spiritum

1091 2273 1147 2290 non
1165 2265 1354 2298 exstinguant.
1391 2265 1463 2299 Quia
1479 2274 1546 2291 vero
1566 2274 1598 2291 ex
1617 2266 1702 2292 verbo
1722 2266 1775 2291 isto
1793 2266 1892 2292 fratres
1911 2266 2030 2299 ipsos-‚¹2⁵

1092 2299 1126 2324 de
1149 2299 1290 2324 otiositate
1312 2300 1386 2325 vitae
1408 2304 1436 2325 et
1459 2300 1494 2325 de
1519 2300 1634 2333 regulae
1656 2300 1879 2333 transgressione
1903 2301 2030 2334 improbe

1091 2339 1189 2359 notare
1207 2333 1346 2359 interdurn
1364 2334 1498 2360 hactenus
1520 2335 1606 2368 aliqui
1628 2340 1692 2360 sunt
1714 2335 1818 2360 conati:
1841 2344 1902 2367 nos,
1921 2344 2029 2360 morsus

1092 2368 1250 2393 huiusmodi
1272 2368 1395 2394 nefarios
1418 2369 1614 2402 reprimentes,
1640 2369 1824 2401 declaramus,
1850 2369 1940 2403 quod,
1967 2378 2030 2395 cou—

1091 2402 1220 2428 sideratis
1234 2403 1327 2428 verbis
1341 2403 1492 2436 praedictis
1508 2408 1535 2429 et
1549 2403 1639 2429 forma
1657 2413 1706 2429 seu
1721 2404 1806 2429 modo
1822 2404 1963 2437 loquendi,
1978 2405 2029 2429 sub

1091 2437 1192 2470 quibus
1216 2437 1316 2462 fratres
1338 2437 1375 2463 ad
1400 2438 1559 2463 huiusmodi
1585 2439 1748 2464 exercitium
1774 2438 1948 2469 inducuntur,
1974 2447 2029 2463 non

1091 2471 1201 2497 ridetur
1219 2480 1253 2497 ea
1269 2471 1355 2497 fuisse
1370 2472 1496 2504 intentio,
1511 2472 1588 2506 quod
1606 2477 1738 2498 vacantes
1757 2472 1849 2497 studio
1867 2473 1911 2498 vel
1930 2473 2029 2497 divinis

1091 2505 1189 2531 officiis
1203 2511 1231 2531 et
1248 2506 1408 2531 ministeriis
1426 2507 1614 2540 exsequendis
1629 2507 1749 2532 manuali
1767 2507 1855 2532 labori
1869 2515 1917 2532 scu
1932 2515 2030 2540 opera-

1092 2540 1158 2565 tioni
1181 2540 1340 2572 subiiceret,
1363 2541 1406 2566 vel
1427 2541 1464 2566 ad
1486 2541 1539 2566 hoc
1562 2541 1624 2566 illos
1645 2546 1774 2573 arctaret,
1794 2550 1878 2574 quum
1901 2541 2029 2574 exemplo

1091 2574 1194 2599 Christi
1208 2579 1236 2600 et
1249 2575 1400 2600 multorum
1414 2580 1573 2601 sanctorum
1587 2576 1698 2600 Patrum
1717 2576 1796 2601 labor
1814 2575 1865 2600 iste
1879 2575 2029 2609 spiritualis

1090 2613 1167 2634 tanto
1186 2609 1223 2634 illi
1242 2609 1458 2643 praeponderet,
1476 2616 1580 2643 quanto
1600 2618 1672 2643 (luae
1691 2614 1755 2634 sunt
1773 2609 1882 2635 animae
1900 2618 2029 2643 corpora-

1090 2643 1162 2668 libus
1176 2643 1380 2676 praeferuntur.
1406 2644 1451 2669 Ad
1465 2645 1534 2669 alios
1547 2653 1624 2676 vero,
1639 2644 1684 2677 qui
1700 2652 1729 2669 se
1743 2644 1770 2668 in
1784 2644 1936 2677 praedictis
1950 2645 2030 2678 spiri-

1090 2678 1210 2703 tualibus
1230 2678 1362 2711 operibus
1381 2687 1434 2704 non
1454 2683 1594 2710 exercent,
1613 2679 1665 2703 nisi
1687 2678 1757 2703 tales
1775 2678 1892 2703 aliorum
1914 2678 2031 2704 fratrum

1090 2712 1171 2737 licitis
1183 2712 1302 2738 servitiis
1313 2718 1494 2746 occupentur,
1506 2714 1551 2746 (ne
1562 2713 1652 2738 otiose
1663 2712 1776 2744 vivant‚)
1788 2712 1874 2737 verba
1884 2713 2029 2746 praedicta

1090 2746 1264 2772 declaramus
1278 2747 1401 2779 extendi,
1415 2748 1466 2773 nisi
1480 2752 1508 2773 et
1523 2747 1593 2772 tales
1609 2752 1666 2772 tam
1679 2746 1842 2772 excellentis
1856 2751 1884 2772 et
1899 2747 2030 2773 notabilis

1090 2781 1336 2815 contemplationis
1349 2786 1376 2807 et
1388 2782 1521 2807 orationis
1533 2782 1708 2812 exsisterent,
1716 2780 1792 2814 quod
1803 2781 1902 2806 merito
1915 2786 2031 2815 propter

1090 2815 1143 2840 hoc
1157 2824 1213 2840 non
1226 2821 1321 2841 essent
1335 2824 1349 2841 a
1361 2821 1438 2841 tanto
1452 2817 1527 2841 bono
1537 2815 1569 2833 ¹7¹
1585 2824 1634 2849 pro
1649 2815 1807 2840 huiusmodi
1819 2816 1950 2841 exercitio
1966 2817 2030 2841 sub-

1090 2849 1229 2875 trahendi.
1265 2851 1376 2875 Fratres
1407 2851 1482 2876 enim
1511 2848 1714 2883 quicunque¹75
1740 2849 1833 2875 studio
1858 2850 1902 2875 vel
1928 2850 2029 2876 divinis

1091 2884 1251 2910 ministeriis
1265 2893 1320 2910 non
1331 2888 1472 2917 vacantes,
1484 2884 1534 2910 sed
1548 2884 1665 2909 aliorum
1679 2883 1795 2909 fratrum
1808 2884 1902 2910 studio
1912 2885 1957 2910 vel
1970 2885 2031 2911 aliis

1890 2997 1934 3018 1451)
1944 2998 1991 3017 vel:
2006 2997 2032 3018 ι’ὺ.

1890 3024 1935 3046 1155)
1946 3025 1991 3043 sic:
2006 3024 2032 3043 ι’(ι.

1367 2996 1412 3017 160)
1422 2997 1482 3019 dign.
1492 3002 1548 3021 quae
1559 2996 1629 3015 libros
1640 2998 1661 3015 et
1671 2996 1775 3016 mobilia:
1791 2995 1817 3016 ι’1).

1363 3023 1407 3045 163)
1418 3028 1469 3046 pro:
1483 3022 1550 3041 dost.-
1565 3023 1591 3042 ιἸι,
1633 3022 1678 3045 ml)
1690 3023 1724 3041 iu:
1739 3022 1807 3041 dces-l:
1821 3022 1847 3042 ila.

1092 2997 1163 3017 doma
1178 2996 1254 3017 Acesti:
1269 2997 1294 3016 1'11.

1092 3024 1138 3046 162)
1148 3024 1270 3047 generalis:
1286 3023 1311 3041 ib.

847 3048 892 3072 154)
903 3048 978 3068 exhib.
989 3054 1056 3073 quum
1092 3050 1137 3073 166)
1147 3050 1205 3069 vid.:
1220 3050 1288 3068 dccst:
1303 3049 1328 3067 ι’[ι.
1356 3049 1402 3071 167)
1413 3049 1532 3067 ext-ludere
1543 3049 1656 3067 videatur:
1667 3049 1693 3067 ΙΙ).
1722 3049 1767 3073 168)
1778 3049 1831 3073 ipsi:
1846 3049 1872 3068 ib.
1902 3049 1946 3073 ltin)
1957 3055 1995 3069 ae:
2006 3050 2032 3080 (ΙΙ.

1518 3075 1563 3097 172)
1575 3075 1627 3093 line:
1641 3074 1711 3093 «tt-esf.-
1725 3074 1753 3093 ub.

1798 3074 1844 3100 173)
1855 3075 1908 3100 ips.:
1923 3075 1992 3095 deest:
2005 3076 2032 3096 ab.

1486 3100 1531 3124 175)
1542 3102 1749 3124 quantumcunque:
1763 3100 1789 3120 u'b.

1090 3076 1137 3099 170)
1147 3075 1224 3094 huius:
1238 3075 1264 3094 ιἸι.
1302 3074 1348 3097 171)
1358 3075 1434 3093 huius:
1449 3074 1476 3093 111.

1090 3101 1137 3124 174)
1148 3101 1207 3120 bono
1218 3102 1240 3120 et
1249 3101 1286 3125 pio
1297 3105 1381 3120 exerc.:
1397 3100 1423 3119 ib.
