2243 3288
137 237 188 266 813

137 313 247 340 didicisti
258 312 375 346 opinione
385 313 502 345 qravari,
516 317 539 338 et
552 313 577 337 in
590 322 618 338 eo
632 318 653 338 et
664 321 712 346 per
725 322 782 338 eum
794 322 846 338 non
859 313 985 338 modicum
997 312 1077 345 sitisse

137 348 289 374 scandalum
302 347 484 372 catholicorum
497 347 589 372 animis
601 348 769 373 declaratum.
804 347 877 373 Unde
886 352 995 380 propter
1008 348 1076 372 relie-

137 387 244 408 mentem
256 381 392 413 infamiam
406 386 428 406 et
439 390 518 414 yrace
530 383 682 407 scandalum
695 382 777 415 ipsum
787 382 819 407 ab
829 382 910 416 officio
920 386 943 407 et
957 381 1076 415 beneficio

137 417 299 450 suspendisti,
317 416 388 449 apud
404 416 603 441 Altissiodorum
619 417 643 441 ei
663 417 728 442 diem
745 421 841 442 certum
859 416 1004 449 assiyizaizs,
1026 425 1076 449 quo

138 456 180 476 tao
201 459 228 476 se
249 450 396 483 conspectui
412 455 592 483 praesentaret
614 451 646 476 ab
668 451 763 476 obiecto
781 451 886 476 crimine
903 450 1076 482 defensamur.

140 486 272 519 Quumque
283 489 377 510 statuto
391 485 497 510 termino
511 485 545 510 ad
557 489 627 510 tuam
643 485 815 518 praesentiam
828 485 983 517 accessisset,
999 493 1076 518 prae-

137 520 248 545 sentibus
260 520 332 544 dictis
344 519 556 544 Altissiodorensi
566 524 589 544 et
602 519 760 545 Nirernensi
770 520 902 553 episeopis,
917 528 948 544 ac
956 519 1077 552 pluribus

138 555 165 579 in
179 558 285 587 utroque
297 555 352 579 iure
360 554 459 587 peritis,
473 562 550 587 quam
560 558 643 579 certas
653 558 789 579 accusator
803 558 894 579 contra
907 562 963 578 eum
976 554 1078 579 minime

137 592 305 622 compareret,
328 592 354 613 tu
375 597 405 613 esc
427 588 507 621 officio
529 592 571 613 tuo
588 592 661 613 testes
682 593 734 613 tam
752 597 802 621 pro
820 589 874 621 ipso
892 596 970 622 quam
987 593 1077 613 contra

138 624 221 656 ipsam
234 623 314 656 recipi
325 631 356 647 ac
373 623 506 655 diliqentcr
518 623 664 648 examinari
673 622 764 655 fecisti,
782 627 805 648 et
817 623 990 648 attestationes
1003 623 1078 647 etiam

136 657 272 690 publicari.
312 658 443 690 (licumque
457 658 619 690 postmodum
637 666 688 682 non
706 657 740 682 ad
753 666 900 682 concessum
914 658 938 682 ei
953 657 1018 682 diem
1036 662 1077 682 tuo

137 700 164 717 se
174 692 321 725 cotmpectui
325 695 525 724 praesentasset,
535 700 612 725 quum
621 691 771 723 facultatem
782 692 807 716 ei
815 692 919 717 liberam
932 692 1079 716 indulsisses

138 727 165 751 in
182 731 254 751 testes
271 735 303 751 ac
320 735 408 751 eorum
425 726 493 751 dicta
509 726 610 751 dicendi
626 735 657 751 ac
675 726 838 759 proponendi
852 734 915 750 suas
932 727 957 751 in
971 727 1077 751 medium

138 761 259 793 rationes,
283 761 434 794 quibusdam
455 761 595 794 propositi-s
615 761 813 793 probationibus
837 765 859 785 et
884 761 1079 793 ulleyationibus

138 795 240 820 tandem
254 795 418 826 renuncians,
436 795 584 820 sententiam
596 795 743 828 postulavit.
780 796 818 820 Τιι
833 804 890 819 cero
904 804 961 820 cum
975 804 1078 820 cenera-

139 830 230 855 bilibus
242 829 369 861 fratribus
386 830 481 854 nostris
494 829 616 854 Trecensi
631 838 662 854 ac
680 830 752 854 dictis
764 829 978 854 Altissiodorensi
988 834 1010 854 et
1029 829 1078 854 Ni-

139 865 257 890 vernensi
278 864 404 897 episcopis
427 864 545 889 secedens
570 864 595 889 in
620 872 707 895 unam,
733 864 853 897 inspectis
877 864 1079 889 attestatirmibus

139 899 280 931 diliqenter,
303 902 325 923 et
343 898 451 923 adhibita
467 898 583 931 plurium
605 899 711 923 consilio
729 899 882 931 sapientum,
905 899 965 932 quia
983 899 1078 923 crimen

139 938 231 958 contra
251 942 307 958 eum
329 933 424 966 liquido
442 933 582 966 probatum
601 942 653 957 ‘non
671 937 736 964 erat,
758 933 841 966 ipsum
862 942 913 958 non
935 933 1031 958 (luxisti
1049 934 1080 957 de

137 968 237 993 haeresi
247 968 476 993 condemnandum.
518 967 610 993 Veram
623 967 743 1001 quoniam
758 976 788 992 ea:
801 967 873 993 dictis
887 968 983 992 testiimz
998 968 1079 992 vuilla

137 1007 193 1028 erat
204 1003 378 1035 praesumptio
392 1006 483 1027 contra
496 1010 560 1033 eum,
574 1006 660 1034 utpote
672 1010 749 1035 quum
761 1007 825 1027 esset
838 1002 973 1033 manifeste
982 1002 1078 1035 proba-

138 1042 198 1069 tum,
216 1045 272 1062 eam
288 1036 493 1068 familiaritatem
509 1036 695 1061 haereticorum
712 1046 764 1061 non
785 1037 867 1061 solnm
888 1037 1014 1067 ludmzsse,
1037 1036 1080 1061 sed

136 1072 215 1096 etiam
228 1075 346 1104 captasse
356 1071 472 1101 scienter,
486 1079 564 1104 quum
574 1071 680 1104 publica
693 1071 768 1096 etiam
781 1071 912 1096 laboraret
926 1070 1043 1102 infamia,
1057 1075 1080 1095 et

137 1110 236 1131 tantum
248 1106 400 1131 suscitatum
412 1109 475 1130 esset
485 1106 638 1130 scandalum
649 1110 740 1131 contra
751 1106 841 1138 ipsum,
852 1106 921 1139 qaod
932 1114 983 1130 non
994 1110 1080 1138 posset

137 1140 266 1166 canonica
278 1141 435 1173 puryalione
453 1140 540 1171 deleri,
557 1148 604 1165 nec
622 1140 704 1173 ipsam
721 1140 862 1171 absolvere,
885 1149 931 1165 nec
945 1140 1079 1173 puryatio-

137 1184 202 1207 nem,
225 1183 302 1208 quam
324 1175 449 1200 obtulerat
465 1174 498 1199 ab
514 1174 584 1199 initio
603 1179 624 1200 et
642 1179 702 1199 tunc
719 1175 795 1200 etiam
813 1174 944 1207 offerebat,
968 1175 1080 1207 recipere

137 1210 247 1241 voluisti,
265 1210 309 1234 sed
325 1209 408 1242 ipsum
426 1218 482 1234 cum
500 1209 579 1234 literis
593 1209 641 1233 tais
655 1210 689 1234 ad
704 1210 787 1234 sedem
799 1209 894 1234 duxisti
910 1209 1079 1242 apostolicam

137 1244 323 1275 destinandum,
338 1244 489 1276 intelliyens,
503 1244 571 1276 quod
583 1252 613 1268 ei·
626 1252 747 1269 concessa
760 1243 833 1268 uobis
841 1244 999 1276 plenitudine
1009 1247 1079 1276 pote—

138 1279 212 1304 statis
226 1279 291 1303 citra
300 1287 412 1312 poenam
426 1278 578 1303 canonicam
591 1279 740 1311 (Iis-pensare
748 1279 886 1311 possimus,
905 1282 927 1302 et
939 1278 1010 1302 ultra
1023 1286 1080 1302 eam

137 1313 248 1346 riyorem
272 1313 412 1338 severitatis
436 1322 537 1345 auyere.
576 1314 690 1337 Ceterum
713 1313 737 1337 ei
756 1312 917 1346 postmodum
941 1313 966 1337 in
991 1317 1080 1337 nostra

134 1349 285 1381 praesentia
298 1348 433 1372 constituto
447 1356 603 1372 communem
618 1347 775 1372 audientiam
788 1347 813 1371 in
827 1347 978 1371 consistorio
992 1351 1080 1371 nostro

138 1382 317 1413 concessimus,
339 1382 384 1406 ubl
398 1390 425 1406 se
442 1382 614 1414 mzdtipliciter
631 1381 703 1406 nisus
720 1386 756 1406 est
774 1390 905 1412 careus-are,
923 1381 988 1406 illud
1002 1389 1079 1414 prae-

137 1417 225 1442 sertim
242 1417 367 1449 alleqans,
386 1417 460 1450 quod,
479 1424 556 1448 quum
573 1425 625 1441 non
642 1420 784 1449 apparente
801 1420 954 1441 accusatore
971 1415 1080 1448 leyitimo

138 1451 317 1485 purgationem
331 1449 443 1483 offerret,
462 1455 536 1475 testes
553 1455 646 1475 contra
658 1459 713 1475 eum
727 1460 779 1475 non
796 1450 901 1482 fuerant
918 1450 1081 1483 aliquatenus

140 1484 309 1519 admittendi]
345 1485 423 1511 Licet
445 1493 512 1518 ergo
535 1484 743 1510 ecclesiastica-5
767 1484 930 1510 constitutio
952 1484 1022 1510 tales
1043 1484 1079 1509 ab

141 1520 234 1545 officio
259 1524 368 1545 tantum
392 1527 482 1553 usque
506 1519 543 1544 ad
569 1519 767 1553 purgationem
792 1519 955 1544 canonicam
979 1519 1080 1544 doceat

141 1554 368 1588 suspendendos,
386 1554 468 1587 quia6
485 1558 579 1579 tamen
596 1562 661 1579 eum
678 1554 762 1579 etiam
779 1562 796 1579 a
812 1553 950 1579 beneficio
964 1557 1080 1587 propter

140 1589 345 1615 immanitatem
358 1588 479 1614 criminis
493 1588 677 1622 suspendisti,
694 1588 823 1613 nolumus
837 1587 1009 1621 improbare;
1027 1595 1079 1613 nec

140 1623 210 1649 illud
223 1623 308 1649 etiam
320 1623 522 1657 improbamus,
535 1622 622 1656 quod,
634 1622 699 1648 licet
710 1627 807 1648 contra
817 1630 882 1648 eurn
894 1622 985 1647 nullus
999 1629 1079 1647 accu-

142 1662 220 1684 sator
232 1658 374 1691 legitimus
388 1662 546 1691 appareret,
560 1665 594 1683 ex
605 1656 697 1683 officio
708 1661 755 1682 tuo
766 1661 870 1688 tamen,
883 1656 958 1682 fama
967 1656 1080 1690 publica

141 1692 299 1725 deferente,
311 1691 424 1717 voluisti
438 1691 546 1725 plenius
561 1691 700 1725 inquirere
713 1691 870 1717 veritatem.
891 1691 1079 1717 Attendentes

140 1727 252 1753 autem⁷
265 1726 424 1759 vulgatamss
437 1726 590 1758 infamiam,
603 1734 690 1759 grave
703 1726 876 1758 scandalum,
890 1730 918 1751 et
930 1725 1079 1751 vehemen-

141 1766 199 1787 tem
220 1761 411 1795 suspicionem
433 1769 467 1786 ex
488 1760 602 1786 testium
624 1760 705 1786 dictis
728 1760 866 1792 obortam,
888 1768 962 1794 quae
983 1763 1080 1786 contra

140 1796 247 1821 eandem
269 1796 407 1821 decanum
428 1795 522 1821 facere
543 1795 720 1827 videbantur,
742 1803 828 1828 quum
849 1798 966 1828 propter
982 1802 1080 1820 eorum

143 1830 308 1864 quodlibet⁹
325 1830 350 1856 ei
364 1834 441 1855 esset
457 1829 588 1863 purgatio
601 1829 787 1861 indicendam,
804 1834 834 1855 et
846 1833 990 1855 servantes
1003 1828 1079 1854 iusti-

143 1865 239 1890 namu
258 1869 285 1890 et
297 1864 466 1896 mollientes,
479 1864 611 1897 rigorem,
628 1864 659 1889 de
675 1865 780 1889 consiliu
797 1863 911 1896 fratrum
924 1868 1080 1894 nostrorum,

141 1900 390 1933 archiepiscoporum
413 1897 488 1933 [01]12
512 1900 688 1932 episcoporum
711 1899 781 1932 apud
803 1899 887 1923 sedem
911 1898 1081 1931 apostolicam

140 1934 320 1965 exsistentium,
339 1933 537 1967 purgationem
553 1933 579 1958 ei
597 1937 714 1966 quartae
727 1933 853 1959 decimae
865 1941 964 1958 manus
982 1932 1025 1958 sui
1038 1940 1081 1957 or-

142 1968 215 1994 dinis
229 1968 356 1993 duximus
374 1967 554 1993 indicendam
562 1967 592 1993 ¹3.
628 1969 723 2001 Ipsum
740 1967 824 2001 igitur
836 1967 872 1993 ad
886 1972 914 1993 te
932 1975 989 1992 cum
1002 1967 1082 1992 literis

142 2003 290 2036 apostolicis
303 2002 489 2034 remittentes,
507 2006 536 2027 ut
553 2001 591 2027 ibi
605 2007 748 2035 purgetur,
767 2001 815 2027 ubi
828 2002 952 2027 noscitur
965 2001 1080 2027 infama-

143 2042 197 2070 tus,
214 2036 376 2069 fraternitati
392 2041 451 2061 tuae
463 2046 512 2069 per
526 2037 669 2069 apostolica
681 2037 778 2069 scripta
795 2036 971 2067 mandamus,
985 2040 1081 2069 quate-

143 2081 205 2104 nus,
226 2071 351 2097 accitisl4
373 2074 466 2096 tecum
487 2071 552 2095 dicto
574 2070 769 2097 Ν1νο111011511ὁ
790 2075 819 2096 et
841 2070 981 2096 venerabili
998 2070 1083 2102 fratre

143 2111 231 2132 nostro
242 2105 391 2132 Parisiensi
402 2105 552 2138 episcopis,
563 2105 695 2131 indictam
706 2105 731 2131 ei
742 2114 759 2130 a
772 2105 843 2130 nobis
855 2105 1053 2138 purgationem
1059 2105 1082 2122 1²3

143 2141 275 2175 accipias,
288 2140 327 2166 ita
336 2144 440 2171 tamen,
453 2144 492 2171 ut,
506 2139 554 2173 qui
567 2139 603 2165 ad
614 2140 674 2165 eius
687 2139 883 2173 purgationem
893 2139 1081 2173 processerint

144 2174 394 2209 comprobandam,
412 2173 467 2199 sint
484 2173 540 2200 fide
553 2174 680 2199 catholici
694 2178 722 2200 et
738 2174 795 2199 vita
811 2173 932 2207 probati,
951 2173 998 2207 qui
1016 2181 1081 2199 con-

143 2209 333 2236 versationem
355 2213 384 2235 et
408 2208 494 2234 vitam
520 2208 606 2242 ipsius
631 2216 687 2234 non
711 2213 768 2234 tam
792 2208 929 2234 moderno
954 2213 1081 2241 tempore

144 2244 272 2270 noverint
286 2251 370 2277 quam
384 2247 524 2268 transacto
532 2252 538 2273 ;
556 2242 724 2276 purgatione
735 2251 803 2268 vero
816 2242 958 2276 recepta1⁷
976 2241 1081 2268 benefi-

145 2279 248 2305 cium1⁵
260 2278 286 2305 ei
300 2278 448 2304 restituere
461 2285 517 2302 non
530 2282 695 2311 postponas,
708 2286 740 2302 ne
753 2282 861 2310 coyatw·
873 2278 899 2302 in
912 2277 977 2302 cleri
987 2285 1081 2309 oppro-

146 2314 226 2338 brium
240 2313 393 2338 mendicare.
416 2313 444 2337 In
458 2320 579 2345 poenam
592 2317 687 2337 autem
699 2311 891 2337 familiaritatis
905 2311 986 2343 illius,
997 2319 1082 2344 quam

145 2356 209 2374 cum
218 2347 367 2373 haereticis
378 2346 527 2372 scienterffl
537 2346 670 2372 habuisse
680 2346 933 2379 dignoscitur,eum
943 2345 978 2371 ab
989 2345 1081 2371 officio

143 2383 273 2408 volumus
286 2389 400 2407 manere
414 2389 590 2414 suspensum,
609 2380 700 2406 donec
716 2380 880 2406 scandalum
893 2380 1026 2413 sopiatur,
1043 2380 1082 2405 ita

145 2422 248 2449 tamen,
259 2421 289 2442 ut
299 2416 410 2450 publice
420 2414 636 2441 familiaritatem
645 2415 851 2441 haereticorum
860 2414 978 2440 abiuret.
1000 2415 1081 2440 Prae-

144 2451 232 2485 cipias
254 2451 368 2484 insuper
389 2450 445 2476 012υ
466 2449 601 2482 districte,
623 2454 652 2475 ut
669 2449 697 2475 in
720 2449 864 2483 praedicta
878 2453 906 2475 et
927 2448 988 2474 aliis
1010 2449 1081 2474 villis

143 2485 348 2519 circumpositis
366 2484 531 2518 profiteatur
548 2488 576 2510 et
593 2483 737 2518 praedicet
755 2483 839 2509 fidem
857 2483 1032 2515 catholicam,
1050 2491 1081 2508 ac

145 2519 298 2546 confundat
310 2524 338 2546 et
352 2519 509 2545 detestetur
521 2518 691 2544 haereticam
704 2518 881 2552 pravitatem,
895 2517 935 2543 sic
948 2517 1080 2551 deinceps

144 2556 230 2580 vitam
243 2562 323 2580 suam
335 2553 417 2579 bonis
430 2553 571 2579 adornans
582 2553 724 2587 operibus,
737 2556 767 2578 ut
779 2552 894 2578 infamia
904 2556 1082 2578 convertatur

144 2589 173 2615 in
185 2589 290 2615 bonam
307 2588 466 2619 samam-’12
484 2592 513 2613 et
529 2595 613 2614 omne
630 2587 794 2613 scandalum
807 2591 835 2612 et
852 2586 974 2620 suspicio
988 2585 1024 2612 de
1037 2594 1081 2612 ca-

145 2624 312 2650 tholicorum
325 2622 466 2649 mentibus
481 2622 616 2648 deleatur.
647 2621 754 2656 Quodsi
769 2621 862 2647 forsan
876 2621 902 2647 in
916 2621 1082 2655 purgatione

197 2745 249 2765 Tit.
264 2745 364 2765 XXXIV.
393 2744 453 2767 Cap.
468 2744 494 2763 x.
530 2743 550 2767 5)
561 2744 605 2763 Nos
617 2743 684 2765 igitur
694 2743 808 2762 literarum
819 2742 937 2761 scientiam
948 2744 970 2761 ot
979 2742 1082 2762 honesta-

144 2773 190 2791 tem
204 2767 292 2790 m'orum
306 2771 330 2790 in
343 2773 365 2790 te
379 2770 459 2793 (vit-ao:
474 2769 524 2793 eyia:
535 2772 556 2789 et
570 2769 641 2788 vitae:
656 2770 691 2789 Cc:
705 2768 772 2788 deest:
786 2767 820 2792 L'b)
835 2769 918 2791 pariter
932 2768 1082 2792 attendentes,

143 2798 197 2817 licet
211 2797 277 2816 eccla
292 2796 363 2821 cusq.
441 2795 463 2819 6)
473 2795 648 2819 suspendendus,
662 2794 721 2818 quod
736 2794 812 2818 (quos:
827 2795 848 2816 C)
859 2796 934 2812 tamen
949 2794 1016 2813 etiam
1031 2799 1082 2813 eum

145 2823 233 2847 (quumz
247 2823 268 2846 C)
279 2829 293 2842 a
302 2822 411 2842 beneficio
425 2824 515 2845 propter
525 2821 688 2840 immanitatem
698 2821 806 2843 criminis,
821 2822 845 2838 ut
859 2820 978 2843 erudimus,
992 2825 1082 2844 suspen-

145 2850 205 2873 disti,
215 2849 319 2868 nolumus
330 2848 464 2872 improbare,
476 2852 517 2866 uec
527 2847 582 2866 illud
593 2847 660 2865 etiam
675 2849 765 2870 propter
775 2851 863 2864 eausam
879 2846 1030 2869 improbamus
1040 2845 1082 2870 (1-0-

145 2875 276 2899 probamus:
291 2874 336 2898 Cbc)
347 2874 449 2895 eandem.
460 2873 526 2898 quod.
538 2873 591 2892 licet
601 2872 675 2891 nullus
690 2874 769 2890 contra
783 2877 833 2891 euni
843 2871 957 2895 legitimus
967 2873 1084 2891 accusator

145 2903 258 2924 appareat,
273 2900 410 2924 (appareretz
425 2899 462 2923 Ca)
477 2899 504 2918 ad
515 2898 662 2922 detegendam
677 2897 816 2921 negendam:
831 2897 856 2916 eh
871 2899 946 2916 tamen
957 2896 1032 2920 (dec-sl:
1047 2897 1082 2920 Ca)

146 2926 210 2945 huius
224 2926 375 2950 (huiusmodi:
390 2926 411 2945 C)
426 2926 555 2944 mortiferae
570 2925 646 2948 pestis,
666 2924 734 2942 immo
749 2923 868 2947 pestiferae
883 2923 960 2941 mortis
975 2922 982 2945 (
999 2923 1083 2942 entiferi

146 2952 230 2971 morbi:
245 2951 266 2976 0)
276 2952 382 2974 radicem.
398 2957 425 2971 ex
436 2951 510 2970 officio
519 2953 564 2974 tuo,
580 2950 649 2969 sama:
664 2948 713 2968 ibid.
780 2950 799 2971 7)
810 2955 823 2968 a
836 2951 869 2968 to:
883 2949 909 2972 Cy
973 2950 985 2967 8
1008 2948 1083 2973 vulga-

146 2983 205 2997 rem:
219 2977 257 2997 Cbc
321 2977 342 3001 9)
352 2977 478 3002 quaelibet:
492 2977 529 2996 Cbc
594 2976 627 2999 10)
638 2975 786 2998 iniungenda:
801 2975 828 2993 ib.
894 2974 928 2997 11)
938 2974 1002 2993 iust.:
1016 2973 1084 2994 deest:

146 3002 216 3028 CRey.
244 3003 277 3027 12)
287 3004 365 3023 etiam:
375 3003 415 3025 Ca:
429 3002 491 3022 adda
505 3003 584 3022 etiam:
595 3002 632 3023 Co:
646 3003 667 3021 ct
677 3006 724 3025 ep.:
738 3000 807 3020 dcest:
821 3000 846 3019 Cb
878 3000 910 3021 13)
921 3000 1084 3019 inducendam:

147 3029 186 3048 Cae
240 3029 275 3052 14)
283 3029 372 3048 ascitis:
385 3029 401 3048 G
451 3028 484 3051 15)
494 3029 517 3047 in
527 3028 589 3047 Codd.
600 3033 674 3046 nornen
687 3027 778 3051 corrupt.
790 3026 822 3045 cst
866 3026 898 3049 iti)
908 3025 970 3044 adda
985 3026 1044 3045 nius:
1058 3025 1083 3045 Cb

146 3053 291 3079 1'1)accepta:
306 3055 334 3074 ib.
369 3055 401 3079 18)
412 3054 533 3074 beneficia:
548 3054 584 3074 Cbc
612 3054 644 3076 19)
654 3053 747 3072 scienta
762 3052 830 3072 deest:
845 3051 871 3070 Cb
906 3050 1082 3076 20)i1›si:CIth.

146 3079 180 3104 21)
188 3081 214 3101 in
223 3081 316 3101 famam:
329 3080 477 3106 ΕΘΗ-11010911
487 3079 550 3106 taff-,-
563 3081 588 3100 in
597 3080 669 3100 fama:
683 3078 725 3099 lili
788 3078 822 3103 22)
833 3078 960 3099 retrudere:
974 3077 1023 3098 Cheli
1033 3076 1082 3104 lth.

356 234 565 263 DECRETAL.
586 235 748 262 GREGOR.
767 235 814 262 IX.
833 235 900 261 [ΑΒ.
919 235 953 261 V.
971 235 1042 261 TIT.
1060 235 1189 261 XXXIV.
1208 235 1259 261 DE
1278 235 1440 261 PURGAT.
1461 234 1660 261 CANONICA.
1680 241 1702 260 c.
1726 241 1832 260 10ss12.

1999 232 2050 259 574

1112 312 1258 344 defecerit,
1276 321 1340 338 eum
1353 312 1560 339 ecclesiasticae
1574 311 1738 345 disciplinae
1755 319 1888 337 mucrone
1902 310 2048 345 percellas,

1113 352 1140 373 et
1157 347 1192 373 ab
1210 347 1303 373 officio
1317 352 1346 372 et
1363 347 1500 373 beneficio
1519 346 1680 381 depositum
1693 346 1729 372 ad
1746 346 1886 379 agendam
1905 345 2049 379 poeniten-

1113 382 1178 407 tiam
1208 382 1235 407 in
1268 386 1374 407 arctum
1403 381 1603 407 monasterium
1632 380 1812 408 detrudere&
1842 388 1897 406 non
1926 379 2048 406 omittas.

1113 416 1188 451 [Dat.
1204 417 1261 441 Lat.
1276 416 1347 441 Nan.
1362 417 1435 442 Maii.
1453 414 1537 450 1199.]

1513 493 1585 513 CAP.
1600 492 1652 513 XLl

1351 534 1423 552 Breve
1433 534 1473 556 est,
1485 538 1527 552 nec
1536 534 1609 557 potest
1619 533 1685 552 aliter
1694 532 1808 552 somniari.

1174 591 1264 618 Idem
1283 592 1409 618 Abbati
1429 592 1539 618 sancti
1558 592 1715 625 Dionysii
1734 596 1767 618 et
1785 591 1990 624 Presbytero

1475 632 1503 656 S.
1522 630 1685 656 Martiniz’.

1183 682 1275 715 Quum
1298 682 1416 708 dilectus
1439 682 1484 715 (Et
1505 682 1600 715 infiat)
1625 682 1694 707 Illud
1716 686 1811 708 autem
1832 690 1881 707 vos
1904 680 2050 706 attendere

1114 717 1242 741 volumus
1260 721 1287 742 et
1305 717 1481 749 mandamus,
1503 721 1533 742 ut
1551 717 1621 742 tales
1643 716 1680 754 ad
1698 716 1893 750 purgationem
1911 715 2053 740 huiusmodi

1114 751 1296 776 admittantur
1325 759 1477 784 personae,
1507 759 1579 784 quae
1608 751 1715 776 vicinae
1744 751 1815 776 sint³
1843 755 1871 776 et
1904 750 2050 776 honestae,

1115 784 1202 820 [Quod
1214 786 1238 810 si
1249 795 1299 810 non
1313 794 1400 811 onmes
1412 790 1457 811 etc.
1478 786 1541 811 Dat.
1556 785 1613 811 Lat.
1628 785 1676 811 IX.
1690 785 1751 811 Kal.
1766 786 1830 818 Apr.
1846 783 1932 820 1202.]

1510 863 1583 883 cAP.
1598 862 1661 882 ΚΗΛ

1114 902 1138 921 Si
1149 902 1243 921 infamia
1253 903 1326 921 ortum
1337 907 1382 921 non
1393 902 1461 921 habet
1471 908 1497 921 ex
1507 902 1662 926 probabilibus
1673 902 1814 924 coniecturis,
1821 907 1866 920 non
1876 902 1909 920 est
1919 902 1946 920 de
1957 901 2051 920 necessi-

1152 930 1198 947 tate
1209 928 1329 947 indicenda
1339 929 1453 953 purgatio3
1467 930 1540 953 potest
1550 930 1626 947 tamen
1636 928 1707 947 indici
1717 928 1745 948 :ul
1757 928 1886 947 instantiam
1896 927 2013 952 purgandi.

1524 987 1642 1013 Idemi'.

1184 1035 1277 1068 Quum
1290 1034 1317 1060 in
1330 1034 1473 1060 iuventute
1487 1043 1538 1060 sua
1551 1035 1595 1068 (Et
1608 1034 1692 1067 infla:
1708 1034 1753 1069 [ch
1768 1043 1789 1059 c.
1804 1041 1842 1067 ις.
1855 1035 2050 1068 depraesmnpt.

1115 1070 1152 1095 II.
1168 1068 1233 1103 23.])
1252 1069 1323 1102 Quia
1340 1077 1407 1095 vero
1425 1073 1506 1103 pater
1518 1069 1615 1101 filium,
1634 1077 1717 1102 quem
1731 1069 1830 1102 diligit,
1848 1069 1970 1103 corripit,
1983 1070 2052 1095 11053

1115 1103 1411 1137 Quinqueecclesiensi
1425 1103 1559 1137 episcopo
1573 1112 1624 1137 per
1636 1104 1731 1129 literas
1744 1108 1854 1129 nostras
1867 1103 1903 1129 ad
1917 1104 2051 1129 maiorem

1115 1139 1255 1164 cautelam
1267 1138 1442 1169 iniunximus,
1456 1142 1485 1163 ut
1498 1138 1533 1164 ab
1547 1138 1619 1163 illius
1633 1138 1821 1163 familiaritate
1835 1138 1972 1163 cessando
1983 1140 2052 1170 aluid

1114 1173 1200 1198 Deum
1222 1177 1245 1197 et
1265 1173 1378 1197 homines
1400 1172 1492 1198 taliter
1514 1180 1544 1198 se
1562 1173 1690 1204 haberet,
1713 1172 1789 1206 quod
1807 1172 1919 1198 sinistra
1937 1172 1972 1198 de
1990 1173 2051 1206 ipso

1116 1207 1239 1241 suspicio
1249 1215 1305 1232 non
1315 1206 1439 1240 possit4‘
1450 1207 1558 1232 haberi.
1577 1207 1634 1232 Sed
1644 1207 1772 1232 inimicus
1782 1207 1877 1238 homo,
1888 1207 2053 1240 rescriptum

1116 1242 1258 1267 literarum
1268 1241 1390 1266 iilarum5
1400 1241 1561 1275 surripiens,
1572 1241 1647 1275 apud
1656 1241 1817 1274 praedictum
1828 1249 1925 1274 regem
1935 1246 1962 1267 et
1973 1241 2052 1274 regni

1115 1280 1262 1309 magnates
1285 1275 1376 1309 ipsum
1397 1276 1527 1309 nequiter
1547 1275 1707 1309 publicavit,
1729 1280 1759 1301 ut
1781 1276 1819 1301 sic
1839 1276 1903 1300 idem
1921 1276 2053 1308 episcopus

1115 1310 1234 1336 deberet
1246 1310 1365 1343 amplius
1379 1309 1516 1342 infamari,
1529 1319 1605 1343 quum
1617 1311 1741 1335 videretur
1754 1318 1807 1335 esse
1817 1310 1889 1335 nobis
1900 1310 2054 1335 incredibilis

1115 1349 1137 1370 et
1150 1349 1289 1378 suspectus.
1309 1344 1392 1370 Unde
1402 1353 1464 1376 nos,
1475 1346 1598 1370 tantam&
1610 1345 1784 1370 aemulorum
1796 1344 1951 1378 nequitiam
1963 1348 2052 1370 atten-

1115 1379 1224 1411 dentes,
1245 1378 1311 1404 licet
1331 1379 1433 1412 pulsati
1456 1378 1589 1405 fuerimus
1610 1379 1753 1405 multoties
1775 1384 1872 1405 contra
1889 1387 1963 1411 eum,
1984 1387 2052 1404 nun-

1116 1422 1200 1447 quam
1210 1418 1304 1439 tamen
1315 1413 1449 1439 adversus
1460 1413 1569 1446 ipsum7
1580 1413 1722 1447 potuimus
1733 1413 1911 1445 commoveri,
1922 1414 2054 1445 scienteS,

1116 1448 1192 1481 quod
1209 1448 1314 1473 dictum
1331 1448 1447 1473 uniusS*
1470 1448 1551 1474 facile
1569 1448 1695 1481 sequitur
1712 1448 1871 1474 multitudo.
1907 1448 1963 1474 Ubi
1985 1456 2051 1473 vero

1115 1482 1190 1508 idem
1208 1482 1358 1516 episcopus
1376 1482 1413 1508 ad
1431 1482 1669 1515 strigoniensemss
1686 1482 1865 1516 metropolim
1881 1482 1986 1508 exstitit
2002 1491 2052 1515 po-

1115 1517 1242 1549 stulatus,
1256 1516 1380 1550 quidam,
1394 1517 1441 1550 qui
1455 1525 1540 1550 super
1553 1517 1613 1551 ipsa
1626 1517 1815 1551 postulatione
1827 1516 2050 1542 adversabantur

1115 1551 1221 1583 eidem,
1246 1556 1276 1576 ut
1300 1551 1507 1585 promotionem
1532 1551 1618 1585 ipsius
1641 1551 1748 1578 facilius
1773 1551 1954 1590 impedirent,
1979 1551 2051 1577 illius

1116 1585 1314 1611 criminationis
1328 1586 1465 1612 carbones
1478 1586 1665 1612 reaccendere
1679 1590 1743 1612 sunt
1759 1586 1857 1611 moliti.
1893 1585 1976 1611 Unde
1991 1585 2050 1619 qui-

1115 1620 1181 1646 dam
1202 1624 1366 1654 procurator
1387 1620 1483 1654 ipsius,
1505 1621 1531 1645 in
1552 1625 1642 1646 nostra
1662 1621 1808 1653 praesentia
1833 1620 1990 1651 constitutus,
2016 1620 2052 1646 de

1115 1655 1231 1680 consilio
1244 1656 1407 1688 quorundam
1419 1654 1573 1680 amicorum
1586 1663 1708 1688 suorum,
1722 1655 1769 1689 qui
1782 1663 1868 1688 super
1880 1655 1933 1680 hoc
1945 1655 2051 1680 bonum

1114 1690 1214 1723 quidem
1239 1690 1328 1715 zelum
1351 1689 1508 1721 habebant,
1533 1689 1584 1715 sed
1608 1698 1665 1715 non
1688 1689 1844 1715 secundum
1868 1689 2053 1721 scientiamw,

1116 1724 1209 1758 coepit
1226 1733 1243 1749 a
1260 1724 1331 1749 nobis
1348 1725 1374 1749 in
1387 1725 1537 1757 praesentia
1553 1724 1668 1756 fratrum
1685 1728 1833 1749 nostrorum
1846 1732 1909 1749 cum
1922 1723 2054 1749 instantia

1115 1759 1267 1792 postulare,
1281 1763 1417 1792 quatenus
1431 1758 1525 1784 eidem
1538 1758 1671 1793 episcopo
1685 1758 1881 1792 purgationem
1890 1758 2052 1783 canonicam

1115 1793 1272 1819 faceremus
1286 1793 1379 1825 indici,
1397 1798 1427 1818 ut
1444 1801 1524 1819 suam
1541 1793 1730 1819 innocentiam
1743 1793 1958 1819 demonstraret.
1995 1793 2054 1818 Nos

1116 1832 1224 1859 autern,
1248 1828 1469 1861 postulationem
1494 1827 1654 1853 huiusmodi
1678 1828 1769 1853 minus
1794 1827 1953 1861 providam,
1977 1827 2053 1851 immo

1115 1862 1190 1887 nimis
1214 1863 1380 1895 improvidam
1405 1866 1582 1896 reputantes,
1611 1866 1821 1896 procuratorem
1845 1862 1936 1895 ipsum
1960 1861 1995 1887 ab
2021 1869 2055 1887 ea

1117 1905 1202 1930 saepe
1215 1897 1354 1922 voluimus
1367 1905 1510 1929 revocare,
1523 1899 1599 1928 †tum
1612 1897 1673 1930 quia
1685 1906 1761 1929 saepe
1773 1896 1844 1928 satus
1857 1897 1990 1929 episcopus
2002 1905 2054 1920 non

1117 1932 1246 1956 videbatur
1263 1932 1334 1964 apud
1351 1931 1430 1956 bonos
1448 1936 1470 1956 et
1485 1940 1579 1964 yraires
1592 1932 1622 1956 de
1639 1932 1683 1956 illo
1698 1931 1802 1956 crimine
1815 1930 1964 1962 infamatus,
1978 1939 2055 1963 quum

1116 1966 1261 1999 coepiscopi
1271 1966 1348 1997 suin,
1366 1974 1443 1999 super
1459 1966 1505 1991 linc
1522 1975 1553 1990 ex
1570 1966 1692 1991 mandato
1706 1966 1846 1998 apostolico
1861 1965 1980 1999 requisiti,
1998 1966 2054 1990 lau-

1116 2000 1200 2026 dabile
1217 2001 1385 2025 testimonium
1402 2001 1432 2025 (le
1449 2001 1504 2033 ipso
1521 2001 1595 2025 nobis
1612 2001 1759 2025 curat-erint
1768 2000 1908 2033 perhibere,
1926 2004 1977 2024 tum
1996 1999 2055 2032 quia

1117 2035 1175 2060 talis
1189 2035 1324 2066 infamatio
1338 2035 1469 2060 videbatur
1482 2035 1514 2060 ab
1527 2035 1634 2060 inimicis
1647 2039 1669 2059 et
1689 2036 1796 2060 aemulis
1810 2035 1974 2067 processisse,
1991 2035 2055 2059 sicut

1115 2070 1232 2102 superius
1254 2074 1290 2094 est
1310 2078 1466 2102 expressum.
1512 2069 1586 2094 Unde
1602 2078 1679 2103 quam
1697 2074 1757 2094 ante
1773 2073 1833 2094 acta
1851 2069 1901 2093 rita
1917 2069 1969 2093 eius
1987 2077 2055 2093 com-

1116 2104 1265 2129 mendabilis
1284 2108 1422 2136 appareret
1431 2105 1462 2136 ¹²,
1483 2108 1505 2128 et
1522 2104 1665 2128 huiusmodi
1678 2103 1782 2135 facinus
1798 2103 1944 2128 incredibile
1962 2103 2054 2128 cidere-

1116 2138 1199 2164 turl3:
1217 2147 1269 2163 non
1287 2139 1459 2170 credebamus,
1476 2138 1500 2163 ei
1512 2139 1694 2171 pnrqationem
1712 2139 1826 2172 aliquam
1840 2138 1931 2163 amodo
1944 2138 2055 2162 indicen-

1116 2173 1184 2198 dam.
1221 2173 1362 2205 Ceterum,
1380 2173 1446 2206 quia
1462 2177 1627 2206 procuratur
1644 2172 1775 2204 instabat,
1793 2172 1930 2206 compulsi
1943 2171 2054 2203 fuimus,

1117 2216 1173 2233 non
1190 2207 1257 2233 iuris
1270 2207 1450 2239 necessitate,
1469 2207 1520 2233 sed
1533 2207 1743 2241 importunitate
1756 2207 1887 2241 petentis,
1901 2211 1930 2232 ut
1943 2214 1993 2240 per
2005 2214 2054 2232 vos

1117 2242 1142 2268 ei
1160 2242 1356 2276 purgationem
1374 2241 1536 2267 canonicam
1557 2250 1621 2267 cum
1639 2241 1748 2267 duobus
1768 2241 1902 2276 [episcopis
1919 2245 1941 2266 et
1962 2239 2053 2274 tribus]

1117 2276 1266 2302 abbatibus
1291 2276 1487 2302 mandaremus
1513 2276 1606 2308 indici,
1632 2276 1760 2310 quamvis
1785 2276 1863 2301 eidem
1888 2275 2056 2308 procuratori

1117 2311 1250 2337 fuerimus
1269 2311 1426 2344 protestati,
1445 2310 1522 2344 quod
1540 2319 1574 2337 ex
1591 2310 1646 2336 alia
1662 2320 1762 2344 quoque
1778 2318 1863 2336 causa
1875 2310 1936 2335 talis
1954 2309 2053 2343 petitio

1117 2345 1208 2371 minus
1223 2345 1340 2379 provide
1354 2349 1419 2370 tunc
1433 2345 1526 2377 fiebat,
1545 2345 1610 2379 quia
1627 2345 1739 2370 videlicet
1753 2344 1951 2378 strigoniensis
1966 2344 2052 2370 eccle-

1117 2380 1176 2405 siae
1198 2379 1366 2413 suffraganei
1388 2380 1432 2405 vix
1453 2388 1488 2406 eo
1511 2384 1639 2413 tempore
1656 2383 1809 2413 purgarent
1826 2378 1956 2410 eundem,
1977 2378 2054 2411 quim

1117 2414 1145 2440 in
1163 2413 1237 2439 facto
1255 2414 1452 2447 postulationis
1465 2414 1697 2440 contradicebant
1715 2413 1818 2445 eidem,
1840 2418 1868 2439 et
1886 2411 2053 2446 suffraganei

1119 2449 1281 2475 Colocensis
1306 2449 1442 2474 ecclesiae
1466 2448 1559 2482 ipsum
1582 2448 1696 2474 minime
1718 2453 1782 2474 tunc
1804 2451 1965 2481 purgarent,
1987 2446 2054 2480 quia

1118 2483 1190 2509 inter
1210 2491 1276 2509 eum
1297 2488 1325 2509 et
1344 2483 1530 2509 Colocensem
1551 2483 1794 2517 archiepiscopum
1816 2482 1851 2508 de
1869 2481 2051 2514 Strigoniensi

1117 2517 1267 2551 metropoli
1285 2518 1428 2544 contentio
1446 2518 1616 2544 vertebatur.
1654 2517 1746 2549 Unde,
1765 2525 1851 2550 quum
1868 2523 1923 2541 non
1936 2515 1990 2540 sint
2006 2515 2053 2540 alii

1119 2552 1266 2586 pontifices
1277 2552 1304 2577 in
1315 2552 1468 2585 Hungaria,
1478 2553 1578 2578 merito
1588 2551 1744 2583 videbatur,
1757 2551 1833 2584 quod
1863 2558 1893 2576 er
1903 2549 2054 2583 episcopos

1117 2587 1196 2620 regni
1206 2587 1248 2612 sui
1258 2595 1316 2612 non
1324 2592 1422 2621 posset
1432 2587 1459 2612 in
1470 2586 1517 2612 illo
1527 2587 1642 2612 articulo
1650 2594 1680 2612 se
1711 2593 1818 2619 urgare.
1854 2585 1995 2618 Propterea
2005 2588 2052 2609 etc.

1117 2621 1181 2647 Dat.
1195 2621 1325 2647 Ferentini
1336 2621 1407 2647 Non⁴
1423 2622 1472 2647 Iul.
1487 2622 1535 2647 Ao.
1549 2621 1596 2647 IX.
1614 2623 1686 2647 1206.

1169 2742 1230 2767 Cap.
1250 2743 1289 2762 XI.
1326 2742 1345 2767 1)
1364 2742 1494 2763 Restiiutum
1512 2742 1616 2767 quantum
1635 2746 1686 2766 opus
1704 2740 1752 2764 suit
1769 2745 1793 2759 ca:
1811 2739 1859 2763 luy.
1879 2738 1952 2763 Bromi.
1968 2739 1994 2762 V,
2011 2739 2056 2763 12.;

1117 2768 1193 2793 comp:
1202 2769 1242 2788 ΙΙΙ.
1252 2774 1269 2788 c.
1284 2770 1302 2788 2.
1313 2769 1332 2788 h.
1344 2769 1396 2792 1.(5,
1408 2768 1448 2790 17.)
1526 2768 1548 2791 2)
1562 2768 1613 2787 abb.
1628 2773 1644 2786 s.
1660 2767 1754 2790 Dionys.
1768 2767 1790 2785 et
1803 2765 1872 2789 priori
1887 2765 1910 2784 S.
1925 2765 2016 2784 Martini
2026 2765 2054 2784 de

1118 2794 1208 2818 Campis
1227 2797 1250 2814 et
1271 2795 1351 2814 Iovino
1370 2795 1408 2819 (Ia
1428 2794 1450 2818 C)
1468 2800 1525 2817 mag.
1549 2793 1644 2813 scholar.
1664 2792 1790 2811 Aureliana
1808 2792 1823 2810 C
1837 2790 1899 2815 1th.,-
1918 2801 1942 2804 —
1960 2790 2055 2812 Potthnst

1118 2826 1152 2839 no.
1164 2821 1221 2840 16-18.
1273 2821 1294 2844 3)
1304 2823 1367 2840 suut:
1383 2821 1442 2839 (neh.

1169 2846 1230 2870 Cap.
1245 2847 1295 2866 xn.
1323 2846 1342 2870 1)
1354 2846 1482 2865 Restituam:
1496 2850 1519 2864 ac
1532 2844 1579 2867 lica.
1594 2844 1667 2868 llrrqu.
1685 2843 1721 2865 lx,
1733 2844 1789 2866 113.;
1804 2843 1871 2864 Coum.
1887 2842 1926 2861 111.
1941 2847 1958 2861 c.
1973 2843 1992 2861 3.
2008 2842 2027 2861 h.
2038 2842 2053 2862 t.

1118 2871 1145 2896 (5,
1157 2872 1198 2895 17.)
1241 2872 1262 2896 2)
1273 2873 1408 2892 Cenadionsi
1418 2877 1452 2895 op.
1463 2873 1485 2890 et.
1494 2871 1570 2890 abbati
1581 2870 1608 2889 do
1619 2869 1727 2889 Cikedur:
1742 2868 1789 2891 Req.
1797 2875 1804 2889 :
1814 2879 1837 2882 —-
1848 2867 1940 2887 Pommst
1951 2873 1984 2887 no.
1995 2869 2053 2887 2887.

1117 2898 1137 2921 ³)
1147 2903 1188 2917 nos
1199 2899 1295 2918 eundem
1306 2899 1433 2922 episcopum
1445 2903 1484 2921 per
1494 2897 1570 2915 literas
1581 2898 1666 2914 nostras
1681 2895 1829 2918 corripuimus
1839 2894 1991 2917 (coniminum
2005 2894 2054 2917 Chii)

1117 2924 1261 2948 iniungentes
1272 2924 1344 2944 eidem
1355 2924 1383 2942 ad
1393 2923 1500 2942 maiorem
1512 2922 1633 2940 cautelam:
1648 2919 1718 2943 Cli'tff.
1754 2920 1775 2943 4)
1785 2922 1871 2943 posset:
1886 2919 2054 2947 GHIKLNCabcy

1117 2948 1165 2973 Res]-
1213 2950 1234 2974 5)
1244 2950 1351 2969 aliarum:
1366 2949 1402 2967 Clio
1454 2948 1474 2971 G)
1485 2950 1581 2967 tantum:
1596 2948 1636 2970 Gay
1688 2947 1708 2969 T)
1719 2951 1780 2965 eum:
1796 2945 1838 2964 FCb
1891 2946 1911 2968 ὃ)
1922 2951 1972 2964 un.:
1987 2945 2054 2965 deest:

1117 2974 1228 2997 FGHIKC:
1242 2976 1301 3000 quod
1316 2975 1381 2994 facile
1392 2974 1508 2993 dominum
1523 2973 1622 2996 sequitur
1637 2971 1767 2991 multitudo:
1782 2970 1830 2995 Rcy.
1909 2971 1929 2995 9)
1940 2976 2015 2990 norum
2030 2972 2053 2990 in

1441 3000 1473 3023 10)
1484 2999 1656 3018 conscientiam:
1670 2997 1707 3017 Cbc
1781 2996 1814 3020 11)
1823 2998 1867 3016 tui:
1881 2997 1918 3019 Cc:
1932 2997 1999 3016 deest.-
2013 2997 2054 3017 Cnb

1117 3000 1178 3020 Codd.
1188 3002 1203 3021 G
1210 3002 1330 3026 corruptum
1341 3001 1371 3020 cst

1568 3025 1601 3047 13)
1613 3024 1714 3044 extitisse
1723 3023 1844 3043 videretur:
1858 3023 1883 3043 Cb
1944 3023 1978 3047 14)
1988 3023 2051 3048 quia:

1119 3026 1151 3051 12)
1161 3028 1284 3048 extitisset:
1300 3027 1339 3050 Cb,·
1353 3028 1467 3051 αρνιμ-01ης
1483 3026 1507 3044 Co

1118 3053 1133 3072 C
1144 3051 1192 3077 Req-
