2243 3288
148 246 214 270 1212·

149 322 274 346 habitant
290 320 313 343 in
329 327 361 343 eo
376 318 525 349 gratiarum
538 325 588 353 spe
605 316 718 341 assidue
733 316 873 341 confluant
888 316 1020 347 universi;
1044 317 1082 342 in-

149 356 263 383 dignum
278 352 415 377 credimus
430 351 531 375 nostris
550 354 609 375 tore
628 350 811 383 temporibus,
825 356 863 381 ut,
877 351 977 383 quibus
991 358 1042 375 nos
1055 355 1082 376 et

149 382 189 413 cvi
200 389 264 412 lesia
284 387 342 418 ipsa
361 386 545 410 exuberantiis
565 385 590 408 in
609 384 713 417 gratiis,
727 383 889 409 deficiamus
903 384 929 409 in
943 384 1033 416 donis,
1048 393 1083 410 ne

149 419 333 446 iinzrniitrandi
358 419 420 444 inde
444 424 600 451 praestetur
619 418 738 449 occasio,
758 418 830 444 unde
848 418 1018 450 gratitudine
1037 427 1083 444 nc-

149 456 263 480 cessim>
282 453 376 478 aderat
395 452 581 483 collaudandi,
595 460 665 478 neve
683 452 820 486 scriptura
835 452 933 478 reddat
952 457 1083 478 onustum

148 488 222 521 qnod
242 487 391 511 liberalitas
411 486 514 511 fecerat
532 486 694 519 gratiosum.
731 488 792 518 Qua
809 486 845 511 de
859 494 888 512 re
901 486 974 511 circa
991 486 1082 512 litera-

147 531 205 547 rum
230 527 386 546 nostrarum
403 521 563 553 scripturas,
581 520 690 553 registri
710 528 823 553 quoque
841 520 937 551 nostri,
955 528 1006 545 nec
1027 528 1083 545 non

150 555 372 581 abbreviatorum
398 555 540 580 Romanae
570 555 661 580 curiae
686 560 781 585 notas,
807 554 881 579 illam
911 554 937 579 in
962 554 1082 579 taxando

149 590 275 614 volumus
286 589 508 614 moderationem
518 589 693 622 apponi,qua
705 596 853 621 personae,
865 588 966 621 quibus
977 588 1083 621 gratiae

147 623 304 648 huiusmodi
319 622 518 654 conceduntur,
531 631 562 648 se
579 623 682 655 gratias
700 623 775 654 ipsas
793 622 828 647 ab
847 622 1001 656 apostolica
1014 622 1082 648 sede

147 658 296 682 liberaliter
310 657 463 682 sentiant—³·
482 662 656 687 consecutas,
669 664 701 681 ac
720 656 859 681 literarum
878 657 1000 690 ipsarum
1018 656 1082 681 scri-

147 691 281 725 ptoribus,
295 691 404 723 registri
418 691 518 716 etiam¹
537 691 624 716 nostri
642 696 828 724 notarumque
841 690 1082 716 abbreviatoribus

146 731 209 750 :inte
221 725 310 753 dictis.
322 725 368 758 qui
383 724 523 750 interdum
536 725 563 750 in
574 725 614 750 eis
628 725 711 750 ctiam
726 725 812 750 multo
826 725 921 750 labore
934 724 1082 756 desudant,

147 760 182 784 de
204 768 254 783 suo
277 759 372 784 labore
395 767 517 792 congrue
538 759 664 784 satisfiat.
702 758 746 783 Ad
769 758 908 784 tollendos
932 759 1015 791 igitur
1037 767 1082 784 cx-

145 802 250 821 cessus,
269 792 457 824 difficultates,
475 793 603 818 circuitus
626 798 653 818 et
675 792 824 825 anfractus,
842 793 889 826 qui
912 797 1027 826 possent
1049 801 1082 818 ex

145 827 226 852 variis
241 827 381 852 literarum
394 827 612 860 apostolicarum
627 827 811 852 taxationibus
825 827 982 860 provenire,
993 827 1082 852 sanci-

145 870 216 892 mus,
230 867 258 886 ut
272 861 371 886 modus
385 862 558 894 subscriptus
572 861 598 886 in
612 861 771 886 huiusmodi
785 861 971 886 taxationibus
987 861 1081 886 obser-

146 902 234 926 vetur,
248 895 377 920 videlicet
396 895 472 928 quod
490 895 569 920 litera
588 896 693 927 gratiae
711 903 774 920 cum
792 895 923 920 clausulis
941 895 1082 921 consuetis

146 938 230 962 super
248 929 422 961 canonicatu,
441 935 468 955 et
488 929 649 963 praebenda
667 934 693 954 et
715 929 769 954 alio
791 929 928 955 beneficio
951 929 1082 955 ecclesia-

145 964 225 994 stico,
239 971 301 988 cum
315 972 379 988 cura
397 964 440 989 vel
458 964 518 989 sine
537 972 610 995 cura,
624 968 740 988 vacante
754 963 798 989 vel
816 968 958 995 vacaturo,
973 963 1082 989 etiamsi

146 998 278 1029 dignitas,
292 997 415 1023 officium
429 998 472 1023 vel
486 1004 653 1031 personatus
667 997 790 1029 exsistat,
802 997 900 1023 decem
913 997 1082 1023 Turonensi-

145 1032 197 1057 bus
211 1031 316 1065 grossis
330 1037 358 1057 et
371 1040 426 1057 non
444 1032 514 1057 ultra
532 1037 652 1058 taxetur:
675 1031 850 1057 exsecutiob·
871 1040 938 1057 vero
956 1031 1083 1057 eiusdem

149 1067 206 1091 ΧΗ.
220 1066 430 1091 Turonensibus
443 1071 471 1091 et
489 1074 543 1091 non
557 1066 627 1091 ultra
641 1071 758 1097 taxetur,
773 1071 800 1091 et
818 1066 893 1091 idem
907 1066 934 1091 in
947 1065 1082 1091 similibus

147 1100 232 1125 literis
250 1100 461 1125 beneficialibus
485 1100 624 1133 gratiosis,
642 1105 709 1133 puta
727 1108 812 1133 super
833 1100 956 1133 prioratu
979 1100 1082 1133 aliquo,

146 1134 385 1160 administratione
399 1140 425 1160 et
440 1134 607 1166 huiusmodi,
621 1143 653 1159 ac
666 1134 847 1160 exsecutoriis
861 1134 1013 1160 earundem
1027 1142 1082 1159 ser-

145 1168 203 1193 vari
218 1168 343 1193 debebit.
380 1168 407 1194 Si
422 1177 487 1194 vero
501 1168 608 1194 eisdem
627 1168 713 1194 literis
731 1169 846 1201 gratiae,
861 1173 888 1193 et
903 1168 1082 1194 exsecutoriis

146 1202 299 1228 earundem
311 1203 350 1234 (ut
364 1203 457 1236 supra)
468 1203 577 1236 aliquae
591 1202 730 1228 clausulae
744 1211 800 1228 non
812 1211 973 1228 communes
986 1202 1030 1228 vel
1044 1202 1082 1227 in-

145 1237 244 1262 solitae
255 1242 445 1270 apponantur:
460 1237 532 1262 circa
545 1237 714 1262 taxationem
725 1237 911 1262 clausularum
921 1236 1082 1262 huiusmodi

147 1278 271 1303 congrue
289 1271 391 1304 poterit
410 1271 449 1296 sic
467 1270 610 1303 distingui,
628 1271 757 1296 videlicet
776 1271 852 1304 quod
875 1279 929 1296 non
947 1271 1083 1296 habeatur

147 1305 334 1330 consideratio
347 1305 373 1330 in
384 1305 491 1330 eisdem
506 1305 617 1330 maioris
627 1305 671 1330 vel
683 1305 797 1330 minoris
809 1305 915 1337 gratiae
926 1305 994 1337 eius,
1006 1304 1082 1338 quod

146 1339 318 1369 conceditur,
343 1347 394 1364 nec
419 1339 495 1372 quod
523 1339 610 1372 ipsius
637 1339 690 1364 sint
719 1339 838 1364 maiores
862 1339 906 1365 vel
937 1339 1082 1372 pauciores

146 1373 261 1404 fructus,
276 1373 381 1398 reditus
400 1378 426 1398 et
446 1378 607 1406 proventus,
622 1378 649 1398 et
667 1381 700 1398 ex
717 1373 770 1398 hoc
788 1373 850 1406 plus
868 1373 994 1399 minusve
1008 1377 1082 1398 taxe-

147 1407 216 1438 tur‘J,
230 1408 280 1432 sed
298 1407 432 1432 habeatur
450 1407 475 1432 in
495 1407 615 1432 taxando
634 1407 680 1432 illa
698 1407 884 1433 consideratio
897 1407 934 1433 ad
947 1407 1082 1439 laborem,

147 1447 175 1466 ut
194 1441 298 1466 scilicet
318 1441 426 1473 longior
444 1441 580 1474 scriptura
597 1441 714 1473 magis&
728 1446 755 1467 et
773 1441 862 1467 minus
876 1441 988 1467 brevior
1000 1441 1082 1467 aesti-

146 1478 262 1506 meturss
280 1475 333 1500 hoc
351 1480 444 1500 tamen
463 1475 535 1500 circa
557 1475 715 1501 huiusmodi
738 1476 877 1501 clausulas
899 1475 1082 1509 apponendas

147 1509 243 1534 addito
257 1509 447 1534 moderamine
462 1509 488 1534 in
502 1509 631 1541 taxando,
645 1514 683 1541 ut,
697 1509 719 1534 si
733 1510 869 1544 scriptura
882 1510 1021 1535 clausulae
1035 1518 1083 1543 ap-

147 1543 255 1576 positae
267 1551 322 1568 non
334 1543 415 1568 faciat
426 1543 536 1575 lineam,
547 1552 580 1569 ne
594 1544 655 1577 ipsa
666 1544 790 1569 clausula
802 1544 898 1570 literae
913 1544 1083 1569 taxationem

146 1583 317 1610 augmentet.
355 1578 383 1603 Si
397 1586 462 1602 vero
478 1586 528 1611 per
541 1586 581 1609 se,
595 1578 639 1604 vel
657 1578 757 1604 saltem
770 1578 830 1604 aliis
843 1578 940 1604 addita
953 1578 1082 1603 clausulis

147 1611 230 1636 faciat
247 1611 361 1641 lineam;
385 1611 412 1636 in
429 1616 528 1645 quarta
542 1618 620 1645 parte
634 1612 807 1638 Turonensis
821 1613 911 1645 grossi
925 1617 1042 1644 taxetur,
1056 1616 1084 1638 et

147 1646 186 1671 sic
197 1654 247 1679 pro
259 1645 383 1679 qualibet
396 1645 467 1671 linea
478 1646 636 1671 huiusmodi
647 1646 761 1672 additae
771 1647 912 1672 clausulae
924 1647 951 1672 in
962 1646 1082 1672 taxando

147 1685 247 1713 quarta
264 1688 328 1713 pars
346 1680 436 1711 grossi
454 1681 626 1706 Turonensis
644 1680 772 1706 addatur.
809 1681 843 1706 Et
861 1681 884 1706 si
903 1681 971 1714 quid
988 1689 1084 1714 super·

146 1714 238 1745 fuerit,
251 1720 279 1740 et
296 1714 386 1739 minus
405 1714 489 1740 linea:
511 1714 579 1740 illud
597 1715 769 1748 superfluum
785 1723 838 1740 nec
851 1715 1021 1741 taxationem
1035 1715 1084 1740 im-

146 1754 244 1773 mutet.
270 1748 399 1774 Lineams·
409 1753 512 1779 autern,
524 1757 596 1782 quae
606 1754 718 1774 centum
729 1754 756 1774 et
768 1749 969 1782 quinquaginta
979 1749 1084 1780 literas,

147 1791 197 1808 seu
210 1782 299 1807 XXV.
314 1783 437 1808 continet
455 1783 600 1814 dictiones,
614 1783 730 1816 intelligi
749 1784 875 1808 volumus
894 1784 921 1808 in
937 1783 991 1808 hoc
1008 1791 1084 1808 casu.

148 1817 182 1841 lit
195 1822 224 1841 ut
238 1817 370 1841 taxati01⁰
383 1817 551 1848 huiusmodi,
565 1817 631 1842 dum
645 1817 774 1850 exempla
787 1822 934 1850 ponuntur,
949 1817 1084 1850 quodam-

147 1850 232 1875 modo
246 1850 424 1883 procedatll:
448 1851 550 1876 inserta
568 1851 614 1876 illa
632 1851 767 1876 clausula:
793 1851 922 1883 „Verum
936 1859 970 1876 ne
984 1851 1036 1876 sub
1050 1859 1083 1877 eo

147 1890 293 1918 praetextu
305 1886 387 1915 etc.,“
398 1892 471 1918 quae
485 1890 604 1917 quatuor
617 1885 739 1911 continet
754 1885 850 1917 lineas,
862 1893 916 1910 uno
927 1885 1084 1910 Turonensi

147 1926 247 1951 grosso
261 1923 378 1943 taxetur.
415 1918 462 1944 Illa
480 1919 564 1944 etiam
583 1919 718 1944 clausula:
742 1919 957 1951 „Praebendam
972 1927 1038 1945 vero
1053 1927 1084 1944 ac

147 1953 322 1985 dignitatem,
336 1960 408 1985 quae
422 1960 484 1977 cum
498 1953 692 1986 acceptatione
710 1955 862 1984 reservat,“
878 1961 949 1987 quae
965 1958 1084 1987 quatuor

147 1993 175 2012 et
189 1987 271 2019 paulo
286 1987 347 2019 plus
362 1987 484 2012 continet
502 1987 599 2018 lineas,
615 1995 668 2012 uno
682 1988 838 2013 Turonensi
853 1995 952 2020 grosso
966 1992 1083 2019 taxetur,

147 2026 175 2046 et
190 2022 215 2045 in
227 2020 362 2045 similibus
374 2021 503 2045 clausulis
513 2020 616 2046 additis
629 2021 782 2047 secundum
792 2021 926 2047 linearum
938 2030 1083 2047 numerum

148 2055 222 2080 idem
237 2054 292 2079 fiat.
330 2054 455 2080 Eandem
470 2055 637 2081 taxationem
649 2064 711 2080 cum
724 2055 916 2082 moderamine
929 2061 993 2082 ante
1008 2055 1083 2081 dicto

148 2089 241 2122 quoad
259 2088 400 2122 praefatas
418 2089 510 2114 literas
529 2089 556 2114 in
574 2089 692 2121 registro
711 2095 807 2115 nostro
826 2090 928 2116 servari
945 2090 1084 2121 volumus,

150 2131 236 2156 quum
247 2122 346 2148 suerint
358 2123 559 2155 registrandae.
577 2123 704 2149 Eandem
715 2124 798 2149 etiam
810 2125 978 2150 taxationem
990 2124 1083 2158 quoad

148 2157 336 2190 praefatarum
350 2157 490 2182 literarum
504 2162 594 2189 notas,
607 2157 713 2183 scilicet
726 2159 841 2191 gratiae,
855 2167 917 2184 cum
930 2163 994 2184 ante
1009 2158 1083 2184 dicto

148 2193 310 2216 numer012‘
332 2191 541 2216 abbreviatores
560 2192 719 2218 observent.
755 2193 799 2218 De
818 2193 999 2218 exsecutoriis
1017 2201 1084 2218 vero

148 2225 306 2250 huiusmodi
325 2225 476 2257 gratiarum
499 2226 709 2252 abbreviatores
732 2227 794 2260 ipsi,
812 2227 921 2252 etiamsi
943 2227 1084 2252 clausulae

148 2267 202 2284 non
221 2267 384 2284 communes
401 2259 444 2284 vel
462 2259 590 2285 insolitae
607 2266 784 2294 apponantur
800 2261 918 2292 eisdem,
937 2261 1007 2286 duos
1026 2265 1084 2286 tan—

149 2298 207 2318 tum
221 2293 355 2326 recipiant
368 2294 556 2319 Turonenses.
592 2295 653 2319 Hoc
671 2295 734 2320 licet
751 2295 791 2320 sic
809 2296 836 2320 in
851 2295 992 2321 taxatione
1005 2303 1084 2329 prae-

148 2328 283 2352 dictarum
298 2327 438 2352 literarum
452 2328 594 2353 observari
612 2328 740 2354 velimus:
764 2329 790 2354 in
809 2329 898 2355 forma
911 2334 1003 2355 tamen
1018 2338 1083 2363 pau-

148 2369 246 2394 perum
260 2361 362 2386 deferri
376 2362 502 2387 volumus
517 2363 684 2395 paupertati,
696 2368 723 2388 et
737 2368 860 2389 nostram
875 2364 1044 2389 taxationem
1058 2364 1085 2388 in

148 2396 202 2427 illa,
224 2395 355 2421 videlicet
380 2401 443 2420 octo
464 2396 669 2422 Turonensium
694 2406 864 2429 grossorum,
890 2398 1085 2423 inviolabiliter

148 2430 300 2455 observari.
337 2430 407 2454 Nam
421 2429 534 2455 beatum
548 2430 606 2456 sore
620 2431 718 2462 virum,
732 2432 778 2464 qui
793 2440 877 2465 super
890 2440 1043 2465 pauperem
1057 2436 1084 2458 et

149 2472 270 2496 egenum
298 2464 435 2497 intelligit,
462 2464 555 2490 verbis
582 2465 782 2498 propheticis¹15
807 2466 968 2492 edocemur.
1005 2466 1085 2491 Circa

149 2499 323 2523 taxationem
336 2503 430 2523 autem
444 2498 595 2531 literarum,
607 2507 678 2532 quae
693 2508 742 2532 per
755 2500 925 2526 audientiam
940 2504 1085 2526 transeunt

148 2532 214 2556 nihil
229 2532 263 2557 ad
278 2540 412 2565 praesens
420 2532 494 2557 aliud
506 2532 634 2558 duximus
645 2533 840 2566 ordinandum,
851 2534 900 2560 sed
911 2534 1084 2560 rationabilis

148 2566 248 2591 modus
263 2567 427 2592 observetur
439 2566 466 2591 in
480 2567 541 2598 illis,
556 2567 603 2600 qui
617 2567 714 2592 solitus
728 2572 771 2593 est
783 2568 918 2594 hactenus
931 2568 1084 2600 observari,

148 2600 267 2626 maxime
284 2600 438 2625 secundum
461 2601 630 2627 taxationem
651 2601 793 2627 literarum
814 2603 945 2636 ipsarum,
964 2611 1036 2636 quae
1058 2603 1084 2628 in

149 2634 218 2659 libro
232 2634 393 2668 provinciali
408 2635 545 2660 invenitur
558 2643 621 2661 esse
634 2636 800 2669 conscripta.
837 2637 865 2662 In
880 2645 996 2670 quarum
1011 2641 1084 2662 taxa-

149 2668 270 2693 tionibus
293 2668 434 2694 literarum
452 2677 485 2694 ex
507 2669 597 2695 causis
620 2670 830 2695 rationabilibus
854 2671 1033 2703 sustinemus,
1055 2675 1085 2696 ut

148 2702 319 2739 ‘furonensis
330 2711 455 2735 grossus,
467 2703 599 2736 quamdiu
611 2703 715 2729 scilicet
726 2704 851 2729 Romana
861 2705 935 2730 curia
949 2705 1085 2730 exstiterit

148 2742 217 2761 nitra
234 2741 353 2768 montes,
371 2737 526 2762 Romanino
544 2737 685 2763 succedat.
723 2738 854 2764 Ceterum
873 2739 1031 2772 ubicunque
1049 2739 1084 2764 de

149 2769 304 2796 Turonensi
322 2779 421 2802 grosso
439 2771 465 2796 in
484 2771 669 2798 taxationibus
688 2772 848 2804 praelibatis
867 2772 896 2798 fit
913 2773 1027 2804 mentio,
1045 2773 1084 2798 in-

151 2804 236 2837 telligi
250 2804 387 2836 volumus,
398 2805 531 2838 quamdiu
541 2806 616 2832 curia
629 2806 711 2831 suerit
725 2806 793 2832 citra
802 2811 922 2832 montes.
947 2807 974 2832 Si
983 2807 1003 2824 ¹¹¹
1018 2815 1083 2832 vero

151 2837 221 2862 ultra
237 2844 356 2871 montes,
374 2839 481 2865 Romae
499 2840 614 2873 scilicet,
631 2840 675 2866 vel
698 2840 724 2866 in
742 2841 802 2866 aliis
820 2841 888 2866 locis
902 2841 1084 2867 ve11-'›1taliae

201 2947 253 2965 Tit.
269 2948 327 2967 xm.
356 2950 417 2973 Cap.
432 2956 468 2969 un.

150 2973 219 2990 turia:
234 2973 292 2991 ,iltn

152 3000 163 3013 1·
184 2998 262 3016 Linea:
277 2999 303 3017 ιδ.

505 2952 525 2973 3)
536 2952 658 2974 gaudeant:
673 2951 732 2971 ΑΒΜ

359 2977 377 2997 ⁶1⁴„
390 2978 529 2995 taxarentur:
544 2976 562 2995 l!
631 2979 650 3001 7)
660 2978 742 2996 maius:
757 2977 770 2996 A

383 3002 405 3018 1¹1
426 3004 547 3020 taxatores:
562 3003 590 3020 A:
605 3004 741 3023 taxationes:
756 3003 797 3022 ml

790 2952 811 2977 4)
822 2954 854 2971 et:
869 2951 904 2971 AB
963 2953 983 2972 51
995 2957 1084 2971 exsecu-

850 2978 870 3002 8)
881 2978 1031 2997 existimetur:
1047 2977 1087 2996 ΑΜ

876 3005 908 3027 11)
918 3003 1052 3027 procedant:
1066 3003 1085 3021 B

384 242 597 268 iixiimxzxo.
618 242 740 266 maxx.
760 241 845 265 XXII.
864 241 934 265 TlT.
954 241 1024 266 Xlll.
1043 241 1116 266 XIV.
1136 242 1186 266 DE
1206 241 1413 267 VERBORUM
1434 241 1737 268 SIGNlFICATlONE.
1757 250 1780 267 c.
1803 250 1823 268 1.

155 3024 175 3039 i:
196 3024 356 3044 moderamine:
371 3025 430 3044 ,³1:³1
472 3029 503 3049 13)
515 3027 592 3046 [salui.
603 3029 646 3051 XL,
659 3031 676 3047 1.
727 3029 759 3051 14)
771 3029 824 3048 Ifbi:
839 3029 874 3048 AB

163 3046 165 3050 ι
927 3029 960 3051 15)
970 3029 1024 3047 locis
1035 3029 1082 3047 vel:

152 3050 219 3065 mex:
234 3048 290 3067 ΑΒΜ
350 3052 381 3073 16)
393 3052 542 3074 ignorantiae:
558 3053 583 3071 rb.
646 3055 678 3078 17)
693 3060 727 3074 se:
741 3055 808 3074 deest:
822 3054 849 3073 ‘'Vt-

911 3055 945 3078 18)
956 3055 1035 3074 etiam:
1050 3054 1082 3077 )!‚·
1098 3070 1100 3074 .

1987 241 2055 267 1220

1118 318 1242 351 partibus
1265 318 1341 343 curia
1363 318 1423 351 ipsa
1445 317 1612 343 constiterit:
1636 318 1662 343 in
1684 318 1871 344 taxationibus
1889 322 1952 343 ante
1971 317 2052 343 dictis

1118 352 1288 377 Ronianinus
1311 360 1361 385 pro
1384 352 1540 377 Turonensi
1567 356 1693 385 ponatur.
1730 352 1774 378 Ad
1799 353 1868 378 haec
1893 351 2053 385 praedictae

1117 391 1230 412 nostrae
1247 386 1392 411 adiicimus
1406 385 1552 417 sanctioni,
1565 390 1603 417 ut,
1617 386 1639 411 si
1657 386 1760 418 forsan,
1778 386 1864 420 (quod
1883 385 2054 424 quandoque

1118 420 1274 453 contingit)
1289 420 1408 452 eveniat,
1421 419 1551 445 videlicet
1565 419 1640 452 quod
1654 428 1708 445 non
1722 421 1811 453 culpa,
1825 419 1996 454 negligentia
2009 419 2054 445 vel

1119 453 1230 479 defectu
1245 454 1397 488 scriptoris,
1408 454 1451 479 vel
1465 461 1498 479 ex
1511 454 1667 486 ignorantia
1674 454 1722 486 ¹⁶⁹,
1733 454 1866 480 caecitate
1879 459 1926 479 aut
1941 459 2053 487 torpore

1118 487 1253 520 desidiae,
1267 489 1309 513 vel
1324 496 1355 514 ex
1370 488 1563 521 occupatione,
1577 487 1757 514 distractione
1769 493 1816 513 aut
1829 488 1883 514 alia
1896 488 1993 521 quavis
2008 495 2053 512 oc-

1118 521 1230 548 casione
1244 522 1456 553 abbreviatoris,
1471 522 1516 555 qui
1535 526 1638 553 notam,
1654 529 1687 547 ex
1706 530 1761 555 qua
1778 522 1857 548 litera
1873 530 1972 555 grossa
1989 530 2053 555 pro-

1117 555 1201 587 cedit,
1220 556 1314 589 inepte
1332 556 1509 587 formaverat,
1527 555 1628 581 cadem
1649 563 1748 588 grossa
1764 556 1851 582 literis
1868 556 1954 590 gratis
1972 555 2055 581 fuerit

1118 590 1305 621 rescribenda,
1319 590 1371 615 hoc
1385 590 1436 623 ipsi
1451 589 1578 623 scriptori
1592 590 1636 615 vel
1650 590 1697 621 illi,
1711 589 1788 615 cuius
1800 590 1881 616 litera
1893 589 2051 615 huiusmodi

1118 622 1202 649 fuerit
1218 624 1407 656 rescribenda,
1421 632 1476 649 non
1495 628 1602 655 noceat,
1617 623 1667 649 sed
1685 623 1870 649 abbreviatori
1889 624 1991 650 debeat
2005 624 2054 648 im-

1118 658 1208 690 putari
1227 658 1253 683 in
1272 663 1388 689 tantum,
1402 664 1431 683 ut
1449 658 1541 684 cidem
1559 657 1686 690 scriptori
1704 657 1882 683 abbreviator
1899 658 1960 691 ipse
1974 658 2054 683 satis·

1118 691 1201 717 faciat
1219 692 1326 725 integre
1344 693 1417 718 iuxta
1436 692 1604 718 taxationem
1623 691 1750 718 eiusdem
1767 699 1883 724 grossae
1900 692 1997 718 literae
2011 699 2053 716 re-

1117 725 1292 752 scribendae.
1318 726 1449 752 Ceterum
1462 731 1491 751 ut
1505 726 1657 760 praedicta,
1669 733 1740 759 quae
1751 734 1767 750 a
1778 725 1859 751 nobis
1872 734 1922 759 pro
1937 725 2054 751 utilitate

1118 759 1229 792 publica
1239 765 1302 786 sunt
1316 760 1442 786 instituta
1455 760 1612 792 salubriter,
1623 768 1657 786 eo
1669 759 1859 793 diligentiores
1871 760 1912 785 sui
1924 760 2052 785 observa-

1118 799 1192 819 tores
1206 794 1355 826 inveniant,
1369 803 1424 828 quo
1439 799 1661 827 transgressores
1679 794 1804 827 ipsorum
1816 793 1914 819 maiori
1927 794 2054 819 noverint

1118 827 1195 853 selT*
1209 836 1299 861 poena
1313 829 1440 862 percelli:
1455 829 1610 860 statuimus,
1621 833 1650 853 ut
1664 828 1781 862 praefati
1793 835 1888 854 omnes
1902 832 1930 853 et
1943 827 2054 861 singuli,

1119 865 1175 886 tam
1196 861 1339 888 literarum
1360 867 1527 894 nostrarum,
1547 871 1630 896 quam
1652 862 1762 895 registri
1784 862 1871 887 nostri
1894 862 2054 895 scriptores,

1119 903 1202 928 quain
1216 896 1424 922 abbreviatores
1439 902 1567 922 notarum
1585 897 1716 930 ipsarum,
1731 896 1842 930 (quibus
1857 896 1942 922 etiarn
1955 895 2054 921 abbre-

1118 929 1269 955 viatoribus
1288 930 1446 963 specialiter
1463 932 1534 956 ultra
1552 930 1622 956 infra
1645 931 1762 964 scriptas
1782 938 1898 964 poenaS,
1917 933 2054 963 quatenus

1119 963 1276 997 praedictas
1307 965 1461 990 taxationes
1491 965 1650 997 observent,
1680 965 1731 990 sub
1761 963 2054 990 excommunicationis

1118 1005 1209 1030 poena
1228 997 1411 1031 mandamus,)
1431 999 1478 1032 qui
1496 1004 1592 1024 contra
1609 999 1763 1032 praemissa
1780 998 1906 1030 fecerint,
1924 998 1986 1031 plus
2004 997 2055 1023 sci-

1118 1032 1183 1057 licet
1200 1031 1341 1065 praefatas
1360 1037 1469 1058 nostras
1486 1033 1664 1059 beneficiales
1678 1033 1782 1065 literas,
1795 1032 1869 1058 vell*3
1883 1036 1964 1058 notas
1983 1032 2055 1065 ipsa-

1118 1074 1188 1097 rum,
1201 1066 1245 1091 vel
1258 1066 1410 1092 earundem
1423 1067 1450 1092 in
1464 1067 1538 1092 dicto
1552 1067 1670 1101 registro
1686 1067 1838 1100 scripturas
1855 1066 1986 1098 taxando,
1999 1066 2055 1091 exi-

1118 1100 1211 1133 gendo
1225 1101 1269 1126 vel
1286 1101 1446 1134 recipiendo
1465 1109 1515 1134 pro
1534 1101 1611 1134 ipsis,
1626 1110 1709 1135 quam
1727 1101 1855 1134 superius
1873 1100 1909 1126 sit
1922 1104 2055 1131 taxatum,

1118 1142 1208 1167 usque
1221 1134 1257 1159 ad
1271 1139 1406 1161 semestre
1420 1139 1530 1168 tempus
1542 1135 1643 1167 officio,
1654 1136 1681 1160 in
1692 1143 1747 1169 quo
1759 1135 1798 1160 sic
1812 1134 1990 1168 deliquerint,
2001 1133 2056 1159 sint

1119 1176 1152 1193 eo
1167 1169 1227 1202 ipso
1241 1169 1380 1202 suspensi.
1416 1169 1451 1194 Et
1465 1170 1487 1194 si
1501 1169 1625 1195 secundo
1639 1169 1806 1203 deliquerint
1820 1169 1846 1194 in
1859 1168 1974 1195 eodem:
1993 1168 2055 1202 ipso

1118 1202 1192 1228 facto
1204 1202 1305 1228 eodem
1316 1203 1417 1235 officio,
1428 1203 1525 1237 (quod,
1536 1208 1671 1237 quantum
1684 1205 1711 1228 in
1725 1203 1791 1237 ipsis
1806 1203 1905 1235 fuerat,
1915 1202 2056 1228 maculare

1119 1237 1212 1262 conati
1235 1238 1318 1270 sunt,)
1342 1243 1478 1271 perpetuo
1502 1246 1532 1263 se
1554 1238 1676 1271 privatos
1697 1242 1859 1270 agnoscant.
1895 1237 1969 1263 Nulli
1987 1244 2055 1269 ergo

1118 1271 1284 1340 liceat,[etc.
1303 1272 1425 1339 ]Datum
1442 1271 1524 1297 Avin.
1542 1272 1588 1297 IV.
1614 1271 1676 1297 Idus
1699 1271 1848 1297 Decembr.
1871 1271 1949 1296 Pont.
1967 1269 2056 1296 nostri

1118 1311 1166 1330 Ao.
1180 1306 1199 1330 1.
1229 1307 1300 1338 1316.

1425 1385 1650 1413 TITULUS
1677 1385 1755 1413 XIV.

1255 1442 1311 1467 DE
1330 1442 1572 1468 VERBORUM
1592 1440 1954 1468 SIGNIFICATIONE.

1532 1511 1604 1531 CAP.
1618 1510 1651 1530 1.1

1119 1544 1191 1567 Quum
1203 1545 1282 1563 fratres
1289 1545 1387 1564 Minores
1398 1545 1624 1565 indumentisvilibus
1634 1546 1757 1564 secundum
1768 1550 1844 1564 eorum
1855 1544 1954 1569 regulam
1960 1543 2058 1563 debeant

1118 1570 1192 1589 indui:
1208 1570 1235 1588 do
1250 1576 1293 1594 qua
1307 1571 1393 1590 vilitate
1403 1572 1432 1589 sit
1446 1571 1625 1595 intelligendum,
1642 1572 1684 1590 hoe
1694 1571 1801 1595 relinquit
1815 1571 1898 1589 iudicio
1909 1570 2056 1593 superiorum,

1118 1597 1259 1620 praecipiens
1274 1597 1314 1615 sub
1329 1602 1402 1620 poena
1417 1597 1657 1616 excommunicationis
1677 1597 1721 1616 illis
1736 1597 1830 1619 obediri,
1852 1598 1873 1615 et
1891 1595 2057 1619 reprehendens

1119 1622 1205 1644 fratres,
1225 1623 1262 1646 qui
1282 1627 1321 1646 pro
1341 1623 1433 1641 arbitrio
1453 1628 1492 1641 suo
1507 1623 1596 1642 habitus
1612 1625 1693 1646 curtos,
1713 1623 1803 1641 strictos
1817 1624 1839 1641 et
1857 1621 1963 1640 novitatis
1978 1621 2056 1645 plenos

1118 1648 1244 1670 portabant.
1260 1648 1297 1671 qui
1311 1650 1486 1671 transgressores
1502 1649 1591 1672 regulae
1602 1654 1646 1667 non
1657 1649 1766 1671 dicentur,
1781 1648 1800 1666 si
1817 1648 1839 1666 in
1853 1647 1896 1666 hoc
1905 1647 2058 1670 superioribus

1119 1673 1277 1696 obsequuntur.
1297 1674 1428 1697 Superiores
1435 1675 1501 1693 etiam
1512 1675 1617 1693 arbitrari
1628 1676 1738 1698 poterunt.
1746 1679 1775 1692 an
1785 1673 1889 1692 habenda
1898 1673 1944 1691 sint
1953 1673 2058 1696 granaria.

1119 1700 1141 1717 et
1160 1699 1253 1717 collaria
1271 1705 1314 1722 quo
1330 1700 1463 1718 necessariis
1478 1700 1505 1718 ad
1520 1701 1604 1719 vietum
1619 1700 1759 1723 colligendis.
1787 1699 1888 1718 Tandem
1902 1699 1982 1717 fratres
1997 1698 2058 1722 ipsos

1119 1724 1221 1743 hortatur
1231 1724 1258 1743 ad
1274 1725 1432 1747 obedientiam.
1447 1731 1514 1749 quam
1525 1726 1580 1745 dicit
1593 1726 1718 1749 paupertati
1729 1727 1751 1744 et
1761 1725 1858 1744 castitati
1873 1730 1921 1743 esse
1932 1724 2058 1747 praeferen-

1119 1750 1178 1769 dam.
1207 1750 1234 1768 H.
1245 1750 1266 1768 d.
1277 1752 1299 1769 et
1309 1752 1341 1769 est
1352 1751 1418 1770 valde
1428 1751 1542 1770 notabilis.
1571 1751 1680 1770 Concord.
1689 1757 1707 1770 c.
1722 1751 1790 1773 Exiit,
1801 1751 1839 1773 qui
1849 1750 1951 1774 seminat,
1964 1749 2013 1769 eod.
2023 1750 2058 1768 tit.

1305 1776 1356 1795 libr.
1367 1777 1412 1800 VI„
1424 1778 1446 1795 et
1456 1777 1526 1796 (Πρω.
1540 1777 1607 1795 Exivi
1618 1777 1645 1796 de
1655 1777 1765 1800 paradiso,
1777 1777 1826 1795 eod.
1837 1776 1871 1794 tit.

1188 1817 1369 1850 Quorundam
1387 1818 1471 1851 exigit
1489 1826 1590 1844 caecae
1604 1817 1825 1851 scrupulositatis
1839 1817 2010 1850 ambiguum,
2023 1824 2056 1842 ac

1120 1850 1243 1884 ipsorum
1257 1851 1465 1884 quodammodo
1478 1852 1590 1878 indocta
1603 1852 1728 1884 scientia,
1743 1853 1788 1884 (ne
1806 1851 1966 1882 dixerimus,
1979 1851 2056 1884 quod

1120 1885 1275 1917 irreligiosa
1288 1886 1387 1911 horum
1401 1886 1436 1911 sit
1448 1895 1528 1919 vana,
1542 1886 1603 1912 et2*
1621 1886 1649 1911 in
1662 1886 1716 1911 hoc
1729 1885 1925 1919 superstitiosa
1937 1884 2055 1918 religio,)

1120 1923 1158 1951 ut,
1169 1919 1235 1944 dum
1249 1919 1305 1945 suis
1318 1920 1423 1946 mavult
1437 1925 1543 1946 temere
1556 1920 1608 1946 sub
1620 1920 1806 1946 conscientiae
1819 1920 1977 1945 velamento
1992 1927 2056 1944 con-

1119 1953 1256 1986 ceptibus,
1279 1962 1363 1987 quam
1388 1955 1576 1987 praelatorum
1599 1955 1702 1980 ordinis
1725 1954 1767 1980 sui
1792 1962 1855 1979 cum
1876 1953 2057 1979 obedientiae

1118 1987 1218 2012 merito
1230 1988 1346 2021 provide
1357 1988 1500 2014 inhaerere
1508 1989 1720 2020 sententiis‚nos
1731 1992 1795 2022 post
1806 1988 2058 2021 praedecessorum

1118 2026 1288 2054 nostrorum,
1303 2027 1330 2047 et
1347 2023 1513 2055 praesertim
1531 2023 1619 2048 felicis
1638 2023 1838 2048 recordationis
1856 2022 1963 2047 Nicolai
1976 2021 2058 2047 1V.³‘

1119 2064 1151 2081 ac
1163 2056 1225 2089 piae
1236 2057 1388 2082 memoriae
1396 2057 1549 2083 Clementis
1556 2057 1589 2082 V.
1600 2057 1790 2082 Rornanorum
1800 2056 1962 2082 Pontificum
1973 2063 2058 2089 super

1119 2090 1260 2116 intellectu
1278 2095 1306 2116 et
1324 2091 1502 2116 observantia
1520 2091 1635 2124 regulae
1657 2091 1760 2117 ordinis
1783 2090 1899 2116 fratrum
1917 2090 2058 2115 Minorum

1120 2123 1323 2150 declarationes
1342 2125 1489 2151 salubriter
1507 2125 1606 2158 editas,
1625 2125 1730 2151 solidas
1749 2125 1864 2159 quidem
1881 2124 1942 2150 et4·
1960 2124 2058 2155 claras,

1119 2163 1147 2184 et
1165 2158 1271 2184 lucidas
1289 2159 1432 2193 multaque
1449 2160 1609 2185 maturitate
1627 2159 1762 2193 digestas,
1775 2164 1886 2185 nostras
1900 2158 2058 2184 Domin05*

1120 2192 1232 2218 favente
1250 2193 1379 2219 indubias
1402 2193 1525 2227 ipsorum
1547 2194 1799 2227 praedecessorum
1820 2192 2056 2219 declarationibus

1120 2227 1323 2253 declarationes
1336 2228 1530 2261 adiungamus,
1541 2229 1638 2262 sieque
1652 2228 1729 2254 dies6
1743 2228 1797 2253 diei
1811 2232 1918 2253 eructet
1929 2227 2057 2258 verbum,

1119 2265 1147 2286 et
1169 2269 1223 2286 nox
1244 2261 1318 2286 nocti
1337 2262 1481 2288 scientiam
1499 2262 1669 2294 manifestet,
1687 2270 1722 2288 ne
1739 2270 1888 2296 perperam
1905 2268 2058 2295 paucorum

1121 2295 1186 2320 dicti
1209 2295 1313 2321 ordinis
1336 2296 1451 2322 fratrum
1475 2297 1562 2330 <quod
1586 2297 1669 2329 absit)
1692 2296 1809 2328 inscitia,
1831 2300 1908 2321 recta
1933 2295 2058 2329 ipsarum

1120 2329 1340 2355 declarationum
1359 2331 1445 2356 verba
1464 2335 1628 2356 convertens
1643 2331 1670 2356 in
1687 2331 1809 2362 devium,
1825 2330 1928 2363 illaque
1946 2330 2004 2355 suis
2017 2329 2057 2355 eis

1119 2363 1246 2397 profecto
1276 2365 1414 2390 contraria
1439 2365 1656 2390 accommodans
1685 2365 1823 2396 sensibus,
1850 2364 1959 2398 ingrata
1983 2364 2056 2395 Deo,

1121 2397 1311 2431 superioribus
1334 2403 1490 2431 contumax,
1512 2399 1639 2433 praefato
1662 2399 1751 2424 ordini
1774 2398 1933 2431 detrahens,
1959 2398 2058 2424 odiosa

1120 2431 1315 2464 confratribus,
1329 2433 1461 2458 unionem
1473 2433 1614 2466 scindens,
1625 2433 1646 2458 si
1660 2433 1761 2465 valeat,
1771 2433 1913 2464 reddatur,
1926 2440 1959 2458 ac
1972 2440 2058 2466 grave

1121 2467 1148 2491 in
1162 2466 1281 2499 populos
1295 2467 1458 2492 scandalum
1471 2468 1596 2493 allatura.
1623 2467 1695 2501 Quin
1706 2467 1808 2501 potius,
1820 2468 1860 2500 (ut
1870 2471 1965 2492 nostra
1972 2466 2056 2492 vehe-

1120 2505 1229 2526 menter
1242 2500 1349 2533 flagitat
1363 2501 1499 2534 intentio)
1511 2506 1575 2527 ante
1586 2501 1667 2527 dictis
1678 2501 1850 2535 profugatis7
1862 2500 2056 2532 incommodis,

1120 2534 1190 2560 haec
1203 2540 1300 2560 sancta
1313 2535 1451 2561 Minorurn
1469 2536 1584 2561 fratrum
1598 2536 1706 2569 religio,
1720 2535 1756 2561 ad
1775 2543 1860 2569 quam
1873 2535 1927 2561 iam
1940 2534 2056 2566 dudum,

1121 2576 1207 2602 quum
1228 2569 1319 2594 minor
1337 2577 1388 2595 nos
1411 2569 1514 2603 gradus
1532 2570 1659 2602 haberet,
1677 2570 1834 2595 dilectionis
1853 2574 1880 2595 et
1899 2568 2055 2595 devotionis

1120 2602 1213 2628 fervor
1226 2603 1376 2635 incanduit,
1390 2612 1462 2629 nunc
1479 2612 1546 2629 vero
1565 2609 1629 2638 post
1646 2608 1807 2638 susceptum
1820 2612 1837 2629 a
1848 2603 1929 2629 nobis
1943 2606 2055 2637 aposto-

1120 2637 1189 2662 licae
1211 2637 1351 2663 servitutis
1374 2637 1470 2671 iugum
1492 2638 1528 2663 ad
1553 2638 1625 2664 illius
1649 2638 1791 2671 religionis
1813 2637 2055 2671 gubernationem,

1120 2671 1334 2704 protectionem,
1353 2672 1604 2706 defensionemque
1626 2672 1740 2698 interius
1762 2672 1941 2705 exteriusque
1962 2670 2054 2705 propi-

1121 2705 1187 2730 tiam
1205 2706 1353 2738 pastoralis
1371 2714 1453 2732 curae
1471 2706 1628 2732 sollicitudo
1646 2715 1697 2732 nos
1719 2707 1804 2740 angit,
1826 2710 1960 2740 paternae
1980 2703 2055 2736 cogit

1120 2739 1312 2772 providentiae
1331 2740 1466 2772 debitum,
1483 2749 1515 2766 ac
1533 2741 1659 2766 internae
1679 2741 1801 2766 caritatis
1823 2740 1897 2766 zelus
1919 2737 2057 2769 accendit,

1121 2773 1215 2806 quieta
1237 2782 1306 2807 pace
1328 2775 1459 2807 gaudeat,
1482 2780 1578 2800 sancto
1601 2774 1727 2808 proficiat
1748 2775 1814 2807 otio,
1836 2774 1864 2800 in
1885 2779 1999 2798 numero
2021 2779 2054 2797 ac

1120 2807 1219 2833 merito
1233 2810 1350 2841 quam*
1368 2809 1517 2842 plurimum
1530 2814 1674 2842 augeatur,
1688 2809 1846 2842 blandeque
1860 2807 1920 2833 in9·
1936 2805 2053 2832 redeun-

1119 2841 1188 2866 tiuin
1210 2841 1329 2868 filiorum
1351 2851 1418 2869 suae
1436 2843 1541 2869 scilicet
1559 2843 1743 2877 professionis
1760 2847 1821 2868 ruat
1834 2841 1937 2873 oscula,
1950 2844 2054 2866 mactet

1121 2952 1188 2972 dass:
1203 2953 1237 2972 AB

1171 2979 1223 2998 Tit.
1238 2980 1296 2999 Xiv.
1325 2980 1386 3004 cap.
1402 2980 1418 2999 1.
1447 2979 1466 3003 1)
1477 2979 1536 2998 ,wat
1586 2979 1606 3003 2)
1617 2979 1664 2998 vei:
1679 2978 1737 2998 iim!

1119 3003 1138 3020 d.
1153 3004 1204 3023 terh.
1215 3006 1271 3028 ειζηιι.
1282 3007 1303 3024 ιἰι
1314 3006 1368 3026 VIto
1379 3007 1406 3028 1'5,
1418 3006 1468 3029 12.);
1483 3012 1499 3024 c.
1512 3007 1529 3024 1.
1539 3005 1559 3024 Ιι,
1571 3006 1586 3025 t.
1595 3006 1617 3023 1¹11
1628 3005 1687 3024 Clcm.
1698 3005 1725 3028 (5,
1737 3003 1776 3026 lh)

1118 3030 1138 3050 ἵι)
1149 3031 1208 3049 lton:
1222 3031 1249 3050 ib.
1303 3032 1323 3056 6)
1334 3031 1411 3050 l’salm.
1422 3031 1502 3050 xvm.
1513 3032 1531 3051 3.
1585 3031 1747 3054 7)11rofligatisz
1761 3028 1797 3047 ΑΒ

1117 3057 1137 3079 9)
1149 3056 1250 3080 insuper:
1265 3057 1291 3075 ιῖι.

1791 2977 1812 3002 3)
1822 2977 1871 2996 111.:
1887 2976 1959 2996 1'b.:—
1970 2977 1996 3001 cf.
2007 2982 2024 2996 c.
2035 2978 2053 2997 3.

1837 3003 1858 3025 4)
1869 3004 1902 3021 et:
1916 3002 1984 3021 deest:
1998 3003 2056 3022 ΑΒΜ

1843 3028 1864 3051 8)
1873 3033 1939 3052 quatu
1950 3031 1982 3048 et:
1997 3028 2057 3048 iilil
