2243 3288
728 917 1448 972 PROOEMIUM.

227 1202 413 1238 Ioannes
442 1203 643 1251 Episcopus
665 1215 784 1239 ,servus
805 1216 983 1241 servorum
1006 1203 1086 1245 Dei,
1116 1203 1350 1251 dekctisfilz'z's
1374 1202 1568 1240 doctoribus
1591 1210 1622 1240 et
1644 1203 1856 1241 scholaribus
1874 1205 2045 1241 universis

123 1281 327 1317 Bono-nia&
348 1280 646 1322 commorantibus,
664 1280 808 1317 salutem
826 1287 856 1317 et
874 1281 1102 1329 apostolicam
1120 1281 1398 1318 benedictionem.

227 1495 415 1542 Quoniam
445 1494 542 1531 nulla
566 1495 652 1531 iuris
676 1495 827 1540 sanctio,
857 1503 1184 1544 quantumcunque
1208 1508 1393 1544 perpenso
1417 1496 1564 1545 digesta
1591 1496 1753 1539 consilio,
1783 1497 1830 1533 ad
1859 1497 2044 1534 humanae

125 1580 277 1609 naturae
306 1573 524 1609 varietatem
553 1581 590 1609 et
619 1573 910 1609 machinationes
939 1573 1017 1609 eius
1047 1573 1252 1621 inopinales
1281 1574 1423 1615 sufficit,
1459 1587 1525 1610 nec
1554 1575 1601 1610 ad
1630 1574 1856 1611 decisionem
1884 1574 2044 1611 lucidam

124 1664 212 1687 suae
234 1651 396 1687 nodosae
416 1651 670 1699 ambiguitatis
689 1651 847 1699 attingit.
874 1664 918 1687 eo
938 1652 1165 1699 praesertim,
1191 1652 1291 1699 quod
1311 1651 1374 1687 vix
1393 1651 1530 1700 aliquid
1555 1652 1649 1688 adeo
1669 1660 1810 1688 certum
1830 1652 2044 1701 clarumque

125 1729 307 1771 statuitur,
341 1729 429 1776 quin
458 1742 505 1764 ex
534 1729 653 1765 causis
681 1729 968 1777 emergentibus,
999 1729 1133 1776 quibus
1162 1730 1240 1765 iura
1268 1729 1339 1765 iam
1368 1729 1489 1777 posita
1517 1730 1657 1766 mederi
1687 1743 1760 1766 non
1789 1729 1977 1778 possintff,
2007 1731 2043 1766 in

125 1807 279 1843 dubium
305 1814 514 1849 revocetur;
542 1807 628 1854 quia
652 1806 764 1842 etiam
788 1807 835 1842 ab
855 1806 1106 1842 adolescentia
1130 1807 1197 1843 viri
1223 1807 1396 1855 proclivis
1415 1807 1462 1842 ad
1486 1807 1623 1843 malum
1643 1808 1862 1844 sensualitas
1883 1809 2045 1845 humana

125 1884 296 1926 declinat,
326 1897 392 1932 per
416 1884 516 1932 quod
543 1897 686 1920 morum
711 1884 904 1920 subversio
929 1885 964 1920 in
988 1884 1086 1920 clero
1110 1892 1147 1920 et
1170 1885 1308 1933 populo
1333 1886 1545 1933 frequenter
1568 1885 1730 1933 obrepit:
1761 1886 1969 1922 necessaria
1988 1895 2045 1922 est

126 1962 325 2010 superioris
358 1962 565 2003 auctoritas,
602 1970 639 1998 ut
667 1970 742 1998 tam
776 1975 842 2010 per
869 1962 1188 1998 determinationis
1217 1970 1449 2010 opportunae
1481 1963 1699 2012 suffragium
1727 1963 1831 2000 tollat
1859 1965 2042 2013 ambigua,

125 2040 207 2076 lites
231 2040 382 2081 auferat,
407 2040 666 2076 altercationes
690 2040 838 2076 dirimat
862 2048 899 2076 et
922 2040 1079 2076 obscura
1102 2040 1274 2082 succidat,
1299 2054 1415 2088 quam
1440 2054 1506 2088 per
1525 2040 1676 2077 cultoris
1695 2041 1841 2088 providi
1862 2041 2043 2078 sarculum

126 2118 306 2165 exstirpet
326 2117 424 2158 vitia,
455 2118 610 2153 virtutes
635 2117 780 2159 inserat,
810 2117 970 2165 corrigat
995 2131 1170 2154 excessus
1196 2131 1392 2166 moresque
1418 2118 1600 2154 reformet.
1662 2118 1788 2154 Haec3
1815 2131 1904 2155 sane
1929 2118 2043 2155 felicis

127 2195 392 2233 recordationis
426 2194 628 2231 Clemens
663 2195 764 2242 Papa
795 2195 838 2231 V.
870 2195 1134 2243 praedecessor
1172 2203 1297 2231 noster
1333 2195 1536 2243 prudenter
1573 2196 1780 2238 attendens,
1819 2204 1856 2232 et
1887 2196 2042 2244 provide

125 2274 278 2322 cupiens
298 2273 587 2309 deformatorum
608 2273 857 2309 reformationi
878 2273 1098 2321 prospicere,
1120 2273 1265 2309 solvere
1285 2273 1454 2314 difficilia,
1471 2287 1513 2309 ac
1533 2274 1744 2310 sanctiones
1763 2274 2042 2322 quaestionibus

126 2360 163 2388 et
183 2351 343 2400 negotiis
371 2350 648 2386 imminentibus
672 2363 854 2386 consonas
883 2350 1128 2399 promulgare,
1158 2351 1297 2386 dudum
1322 2351 1457 2387 nedum
1483 2351 1518 2386 in
1539 2351 1694 2387 concilio
1714 2352 1927 2393 Viennensi,
1953 2351 2040 2399 quin

126 2430 238 2466 etiam
266 2437 352 2464 ante
379 2436 416 2464 et
444 2437 529 2476 post
558 2428 677 2476 ipsum
705 2428 899 2464 concilium
923 2428 1207 2464 constitutiones
1235 2428 1410 2476 plurimas
1435 2429 1559 2470 edidit,
1587 2429 1622 2465 in
1647 2429 1781 2477 quibus
1807 2429 1921 2465 multa
1941 2428 2043 2465 utilia

126 2507 254 2544 statuit
281 2514 394 2554 atque
422 2506 590 2547 salubria,
620 2514 658 2542 et
686 2505 860 2542 nonnulla
888 2506 1000 2542 dubia
1023 2506 1059 2541 in
1080 2506 1222 2542 iudiciis
1242 2514 1279 2542 et
1302 2514 1407 2542 extra
1428 2507 1661 2555 frequentata
1681 2507 1827 2542 decidit.
1887 2507 1938 2542 Et
1957 2505 2042 2542 licet

126 2600 198 2627 eaS,
231 2584 403 2621 collectas
433 2584 467 2619 in
499 2597 610 2619 unum
639 2582 845 2620 volumenl*
876 2590 913 2619 ct
941 2584 1010 2619 sub
1039 2584 1212 2633 congruis
1240 2583 1355 2620 titulis
1385 2584 1595 2626 collocatas,
1632 2584 1778 2620 mittere
1815 2583 2042 2620 decrevisset

125 2672 162 2700 et
189 2663 278 2699 dare
307 2662 343 2698 in
372 2674 567 2698 commune
595 2661 786 2697 subiectis:
815 2661 963 2697 assidua
990 2669 1114 2697 tamen
1143 2661 1337 2709 occupatio
1361 2662 1456 2698 circa
1481 2675 1624 2711 magna,
1654 2675 1696 2697 ac
1720 2660 1829 2697 sortis
1858 2661 2040 2698 humanae

126 2741 298 2782 conditio,
328 2753 423 2788 quae
453 2740 571 2787 ipsum
600 2740 646 2775 de
676 2739 798 2775 medio
826 2738 981 2780 sustulit,
1010 2739 1046 2774 in
1074 2752 1184 2775 causa
1212 2739 1367 2781 fuerunt,
1397 2753 1511 2787 quare
1539 2752 1647 2775 suum
1671 2739 1707 2774 in
1731 2738 1799 2774 hac
1827 2746 1932 2786 parte
1955 2752 2038 2787 pro-

127 2819 289 2868 positum
318 2831 390 2854 non
416 2817 592 2865 implevit.
653 2817 735 2854 Nos
759 2817 884 2858 etiam,
914 2816 985 2864 qui,
1014 2817 1109 2853 sicut
1133 2817 1263 2860 eidem,
1294 2817 1378 2854 licet
1403 2817 1584 2858 immeriti,
1615 2816 1650 2852 in
1670 2815 1898 2864 apostolatus
1918 2817 2039 2854 officio

197 3027 219 3056 1)
235 3027 344 3051 Parisiis:
374 3024 400 3049 F
413 3024 474 3050 C'nd.
492 3024 578 3048 Ber-ol.
602 3032 642 3048 nn.
665 3030 718 3054 190.
740 3026 797 3054 4‘⁰;
827 3023 888 3048 (lod.
915 3022 982 3056 lips.
997 3022 1069 3053 98o.;
1099 3024 1232 3048 Avinion.:
1256 3024 1305 3049 AC
1325 3023 1411 3048 Rerul.
1429 3030 1452 3053 9.
1479 3021 1543 3054 sr›l.;
1569 3022 1710 3055 Reffl'nmnt.
1733 3021 1796 3047 Aac.
1814 3029 1871 3053 21.;
1890 3037 1923 3041 —
1945 3022 1971 3047 in
1987 3022 2040 3049 BG

128 3068 209 3094 Bulla
221 3069 296 3101 deest,
319 3072 341 3094 et
359 3071 441 3093 exsta!
454 3067 523 3091 bulla
537 3067 617 3100 ipsius
637 3066 771 3091 Clementis
789 3068 831 3097 V„
857 3066 887 3091 de
903 3074 956 3099 qua
969 3065 1053 3090 virleu-s·
1065 3065 1091 3090 in
1109 3067 1301 3099 Prole-qomenis
1312 3075 1372 3099 pay.
1388 3067 1442 3090 Lx.
1484 3065 1558 3090 Ilaec
1581 3065 1651 3090 bulla
1665 3065 1791 3090 invenitur
1804 3074 1857 3091 una
1874 3074 1931 3091 cum
1950 3070 2042 3092 nostra

128 3111 154 3137 ῖη
168 3110 193 3136 F
258 3113 283 3142 2)
297 3116 411 3144 possunt:
424 3110 551 3136 ACEFH
617 3111 642 3142 3)
656 3111 715 3135 huc:
728 3109 778 3135 ,lc
844 3111 870 3142 4)
885 3110 947 3135 voh:
961 3109 1041 3134 deest:
1055 3108 1157 3134 itEFll
