2243 3288
175 285 224 310 95⁹
429 285 536 310 SEXTI
555 283 762 309 DFCRETAL.
781 283 847 309 LIB.
867 284 885 310 1.
904 284 974 310 TIT.
994 285 1041 311 VI.
1060 284 1111 311 DE
1130 285 1338 311 ELECTIONF.
1357 285 1405 310 ET
1423 283 1554 310 ELECTI
1574 284 1653 310 POT.
1673 291 1696 310 c.
1719 285 1824 310 18—21.
2028 281 2077 309 960

182 361 304 395 prix-atos
327 360 374 388 ita
393 360 469 393 quod
492 361 539 392 illi,
557 359 593 385 ad
616 369 686 394 quos
710 368 806 386 eorum
828 360 947 393 collatio,
967 362 1110 388 concessio

180 404 228 420 sen
243 395 390 427 dispositio
405 394 534 428 pertinet,
547 395 706 420 resumendi
725 403 758 420 ea
775 398 838 420 aut—
828 395 867 412 —⁴·
886 395 1033 427 retinendi,
1046 404 1110 422 con-

179 429 297 454 cedendi
311 437 360 454 seu
374 428 535 454 conferendi
549 429 619 461 aliis,
633 438 682 455 seu
701 428 736 454 de
754 429 821 462 ipsis
835 429 920 454 etiam
933 429 1111 463 disponendi,

182 468 261 496 prout
276 463 311 487 ad
330 471 379 488 eos
398 463 527 500 pertinet,
541 463 656 489 liberam
674 463 796 488 habeant
814 468 993 502 potestatem.
1029 465 1064 490 Et
1077 473 1112 490 ne

180 497 271 522 taliter
293 498 436 525 nominati.
455 497 535 523 electi
553 498 597 523 iel
619 497 755 531 assumpti
773 497 808 523 de
826 506 876 523 sua
898 498 1051 531 pertinacia
1066 499 1111 524 vcl

179 536 340 564 contemptu
358 526 468 557 valeant
486 531 610 564 gloriari:
633 540 682 557 nos
705 531 847 565 quaelibet
868 531 1010 564 mandata,
1033 541 1111 566 prae

180 572 270 598 cepta
284 565 473 591 ordinationes
487 570 513 591 et
528 570 639 598 5ιιιιιιιι,
654 574 726 599 quae
744 565 868 598 fecerint,
881 574 1035 600 omnesque
1049 575 1110 592 sen-

179 600 253 624 tenti
249 608 288 627 ι5,
303 608 371 633 quas
386 600 506 631 tulerint,
520 605 547 626 et
560 600 693 634 quicquid
712 601 822 633 penitus
841 601 867 625 in
882 601 1069 626 contractibus
1083 605 1111 627 et

180 634 396 667 obligationibus
418 643 467 660 seu
491 634 722 668 quibuscunque0
745 635 804 660 aliis
828 634 911 660 Urbis
933 635 1045 661 nomine
1066 635 1111 661 vel

182 674 314 701 tanquam
332 674 487 699 senatores,
505 669 651 702 capitanci,
670 669 776 702 patricii
793 673 840 694 aut
853 673 976 695 rectores
988 670 1033 695 vel
1051 669 1110 694 offi-

179 703 262 728 ciales
281 703 368 736 ipsius
386 703 502 735 egerint,
517 703 591 728 irrita
609 711 722 736 prorsus
741 703 878 728 exnunc35
896 707 923 729 et
941 712 1029 729 vacua
1042 711 1109 728 nun-

179 736 293 762 ciamus.
318 737 426 762 ludices
438 746 504 763 vero
515 742 542 763 et
556 737 730 769 tabelliones,
737 738 789 775 qui
801 746 884 770 super
896 737 939 763 his
952 742 999 763 aut
1013 746 1109 763 corum

178 771 317 804 aliquibus
329 776 425 796 contra
435 772 590 805 praesentis
601 776 806 797 constitutionis
813 772 933 798 edictum
945 772 1110 805 patrocinari

178 805 222 830 vel
236 805 418 831 instrumenta
431 805 567 832 conficere
581 805 652 832 forte
669 806 918 844 praesumpserint,
932 806 1069 832 iudicatus
1083 810 1111 832 et

178 844 194 864 t
190 839 318 865 ibellion
314 845 376 865 atus
386 839 484 865 officiis
496 849 526 866 se
537 849 591 865 nox
594 849 623 866 er
626 841 663 865 int
675 848 737 866 esse
747 849 816 874 prix·
809 845 879 866 atos.
894 841 1110 874 Contemptores

180 882 292 907 quoque
306 882 354 900 seu
368 874 518 901 violatores
532 875 758 908 praemissorum,
771 875 816 900 vel
831 875 988 913 aliquorum
1001 875 1045 901 vel
1062 875 1109 900 ali-

177 908 255 933 cuius
277 916 383 941 eorum,
405 909 440 934 ab
462 909 619 934 huiusmodi
645 909 936 935 excommunicationis
961 909 1110 941 sententia,

177 947 375 976 praeterquam
388 943 415 968 in
428 943 525 969 mortis
538 944 663 982 articulo,
674 943 780 969 absolii
794 951 849 968 non
863 943 980 977 possint,
994 943 1046 969 nisi
1060 952 1111 977 per

177 977 334 1002 Romanum
344 977 515 1009 Pontificem,
526 978 569 1004 vel
581 978 634 1004 de
630 978 715 1011 ipsius
730 977 817 1011 petita
830 982 857 1003 et
871 978 986 1003 obtenta
998 977 1110 1004 licentia

178 1011 301 1044 speciali,
319 1020 374 1037 non
391 1012 569 1038 obstantibus
587 1012 725 1045 aliquibus
743 1012 905 1046 privilegiis,
920 1012 1109 1045 indulgentiis,

176 1046 414 1078 concessionibus,
428 1047 683 1078 constitutionibus,
694 1046 943 1072 consuetudinibus
957 1051 984 1072 et
997 1047 1108 1072 statutis

178 1088 345 1113 quacunque
367 1080 497 1107 firmitate
518 1081 636 1113 vallatis,
655 1089 726 1114 quae
748 1081 775 1106 in
796 1081 958 1114 praemissis
979 1081 1108 1107 omnibus

178 1114 305 1140 nolumus
319 1115 458 1148 aliquibus
472 1115 515 1141 vel
529 1115 608 1140 alicui
623 1115 776 1148 suffragari,
787 1115 838 1141 sed
852 1115 945 1140 omnia
956 1115 1050 1148 quoad
1063 1116 1110 1141 illa

175 1148 350 1174 decernimus
369 1157 424 1174 non
446 1155 550 1176 tenere.
589 1149 625 1176 Ut
647 1154 742 1175 autem
764 1149 838 1175 cives
860 1150 1051 1175 Romanorum
1057 1150 1099 1167 '⁴‘

177 1183 223 1216 qui
237 1191 270 1208 ex
284 1183 346 1217 ipsa
357 1183 433 1209 Urbe
446 1184 601 1210 nitssurilem
615 1183 727 1209 duxisse
741 1188 892 1209 noscuntur
906 1184 1051 1217 originem,
1061 1188 1108 1209 aut

177 1217 266 1255 quivis
289 1218 344 1255 alii,
362 1218 408 1251 qui
432 1218 458 1243 in
480 1219 541 1252 ipsa
563 1218 657 1244 eiusve
680 1218 817 1244 territorio
835 1227 891 1243 non
908 1218 1044 1251 advenae,
1057 1218 1108 1244 sed

175 1252 297 1277 continui
320 1252 492 1278 habit-nores
515 1253 638 1278 εἸ5ιίῑειι
639 1252 734 1285 mt27*‚
760 1252 854 1286 quoad
879 1253 999 1278 honores
1022 1253 1108 1286 ipsius

176 1286 260 1311 Urbis
274 1290 321 1312 aut
334 1287 459 1319 regimen
476 1287 605 1320 gratiosis
624 1287 810 1313 functionibus
825 1287 977 1320 potiantur:
1000 1295 1055 1312 non
1069 1296 1107 1312 ιιι-

175 1320 324 1353 tendimus,
339 1321 415 1354 quod
432 1329 566 1354 praesens
580 1321 741 1347 constitutio
759 1321 829 1347 tales
843 1321 980 1353 excludat,
993 1322 1059 1355 quin
1073 1321 1107 1347 ad

176 1363 260 1380 unum
269 1363 371 1380 annum
385 1355 527 1388 duntaxat,
537 1356 582 1381 vel
595 1355 631 1381 ad
637 1357 676 1373 ‘⁸¹³‘
689 1355 765 1381 aliud
776 1360 886 1389 tempus
897 1356 1009 1381 brevius
1020 1356 1107 1381 nomi-

176 1389 235 1414 nari
253 1389 289 1414 ad
311 1389 398 1422 ipsius
416 1390 540 1423 regimen
559 1395 587 1416 et
605 1389 728 1415 officium
746 1390 811 1423 eligi
824 1391 935 1416 valeant
948 1398 980 1416 ac
993 1391 1108 1422 assumi,

175 1423 283 1448 etiamsi
301 1424 507 1457 praedictorum
524 1424 680 1463 principum
698 1430 725 1450 et
743 1425 862 1450 aliorum
880 1424 989 1456 fratres,
1004 1424 1049 1450 filii
1063 1425 1107 1450 vel

174 1462 294 1495 nepotes
312 1459 457 1490 exsistant,
475 1464 521 1484 aut
539 1459 648 1484 etiamsi
667 1464 743 1484 extra
757 1459 863 1484 Urbem
881 1464 909 1484 et
927 1459 1013 1497 ipsius
1031 1459 1107 1485 terri-

175 1493 275 1517 torium
298 1493 349 1517 sub
375 1493 486 1518 nomine
509 1493 666 1525 comitatus,
687 1493 820 1518 baroniae
847 1501 896 1518 seu
919 1494 1107 1527 cuiuscunque

174 1526 288 1552 alterius
301 1527 390 1552 tituli
386 1536 410 1552 in
426 1527 584 1553 bominibus
595 1527 639 1553 vel
653 1527 720 1552 locis
734 1527 872 1561 aliquibus
886 1527 1106 1553 iurisdictionem

174 1569 223 1586 seu
238 1566 407 1594 potestatem
425 1562 498 1595 aliqu
502 1570 547 1587 am
562 1562 745 1595 temporalem
759 1562 802 1587 vel
820 1567 985 1595 perpetuam
999 1562 1106 1588 obtine-

173 1601 247 1626 rent;
275 1595 428 1621 dummodo
454 1596 597 1629 praedicta
622 1596 776 1621 iurisdictio
801 1596 845 1622 vel
870 1601 1006 1630 potestas,
1030 1601 1107 1622 extra

173 1629 280 1655 Urbem
294 1636 321 1656 et
339 1630 507 1656 territorium
524 1630 650 1664 praefata
667 1631 832 1669 consistens,
846 1639 901 1655 non
921 1635 1014 1656 tantae
1028 1639 1106 1665 prae-

173 1664 341 1690 eminentiae
362 1665 406 1690 vel
428 1665 557 1690 notabilis
580 1669 742 1699 potentatus
761 1665 885 1697 exsistat,
904 1665 980 1698 quod
998 1674 1076 1691 eam
1066 1666 1106 1683 ²9*

173 1698 333 1724 obtinentes
344 1699 403 1725 eius
415 1699 562 1725 occasione
572 1709 587 1724 Ἰ·
591 1700 616 1725 el
627 1708 711 1725 causa
720 1707 783 1724 cum
793 1699 864 1731 aliis,
875 1699 994 1725 exclusis
1004 1708 1021 1725 a
1031 1700 1106 1725 dicto

173 1733 256 1758 Urbis
279 1733 424 1771 regimine,
446 1738 475 1758 ut
497 1734 693 1767 praemittitur,
714 1734 871 1768 praesentis
899 1734 1106 1760 constitutionis

173 1767 284 1793 oraculo
299 1767 395 1793 ration¹
390 1768 500 1794 ibiliter
513 1768 697 1794 includantur

559 1838 630 1857 (JAI’.
646 1838 726 1857 xvm.

173 1872 293 1891 Canonicis
308 1871 443 1890 cathedralis
458 1872 566 1891 ecclesiae
582 1873 628 1896 ipso
639 1873 687 1891 iuro
696 1872 732 1891 vel
747 1876 786 1895 per
795 1872 937 1895 sententiam,
952 1873 1106 1896 praeterquam

171 1898 194 1915 in
210 1903 262 1916 casu
277 1898 435 1921 negligentiae,
450 1898 548 1919 eligendi
563 1900 672 1921 potestate
681 1898 781 1922 privatis,
795 1898 823 1916 ad
834 1898 916 1921 Papam
932 1899 966 1917 ins
982 1898 1108 1917 devolvitur

171 1923 281 1947 eligendi3
313 1924 335 1942 iu
358 1924 502 1943 inferioribus
528 1924 746 1969 gtggffiziiitsurseigpeir
769 1924 797 1942 ad
820 1924 946 1948 proximum
970 1925 1107 1948 superiorem

487 1999 687 2026 Bonisacius
707 2000 797 2026 VIII.a

240 2042 405 2077 Quanquam
423 2043 450 2068 in
468 2051 533 2069 casu
550 2042 738 2077 negligentiae
757 2043 792 2069 sit
810 2047 943 2069 statutum
962 2052 978 2069 a
996 2043 1063 2076 iure,
1077 2046 1107 2068 ut

237 2149 294 2172 Tit.
310 2149 356 2172 VI.
397 2149 465 2180 Cap.
483 2148 570 2171 XVII.
610 2147 634 2180 o)
649 2148 672 2171 in
686 2148 880 2179 quibuscunque:
894 2146 925 2171 ἰΙι.

238 2184 307 2214 (Tap.
326 2183 426 2206 XVIII.
470 2182 493 2213 a)
517 2183 547 2206 Et
569 2183 674 2213 primum
699 2183 790 2206 dictum
816 2183 886 2206 liuius
910 2182 1037 2206 decretalis
1062 2181 1103 2205 suit

170 2222 275 2240 sumtum
294 2226 322 2240 ex
340 2217 455 2241 decretali
471 2217 616 2240 Alexandri:
635 2217 747 2240 Dilecti
767 2218 790 2239 in
810 2217 869 2240 fine:
889 2216 981 2240 [nanti.
994 2216 1060 2240 And.
1072 2230 1103 2232 —

170 2250 203 2282 cs,
216 2259 297 2283 supra
311 2260 331 2274 c.
347 2258 382 2275 10.
396 2251 418 2275 Ιι.
432 2255 448 2274 l.
462 2255 512 2275 nol.
528 2250 549 2275 (1.
559 2250 739 2275 —Jt'ezmram‘l
753 2251 903 2275 ‹Iecrelulmn
914 2250 1044 2275 illm-tinus
1056 2251 1100 2274 IV.

169 2294 211 2317 ap.
227 2285 340 2309 Theium.
355 2285 428 2310 lem.
442 2285 528 2317 Iltmgs.
543 2291 599 2316 350.
609 2285 760 2310 —I'alllmsl
775 2294 816 2309 nn.
831 2285 1102 2315 21917.-—Venerabi-

170 2321 233 2343 libus
247 2320 359 2344 fratribus
370 2321 562 2351 Archiepisenpo
573 2320 701 2344 colocensi
713 2325 734 2343 ct
750 2320 861 2348 llatiensi,
879 2328 906 2343 ac
917 2339 922 2343 .
937 2338 942 2343 .
957 2339 962 2343 .
977 2320 1102 2343 Sirmiensi

169 2360 192 2378 ct
211 2355 376 2378 Chanadiensi
393 2355 521 2385 episcopis,
543 2355 645 2378 salutern
659 2359 703 2378 etc.
747 2355 814 2378 Sicut
833 2355 914 2378 dilecti
934 2354 976 2377 filii
994 2355 1103 2378 Thomas

169 2389 260 2413 electus
292 2394 314 2413 et
345 2389 478 2420 capitulum
508 2389 679 2412 XVaradienses
711 2389 782 2411 nobis
814 2389 950 2419 significare
979 2393 1099 2417 curatum,

170 2429 271 2447 vacante
287 2424 380 2447 dudum
399 2423 550 2446 Waradiensi
571 2423 672 2446 ecclesia
694 2431 736 2454 per
758 2423 941 2446 translationem
958 2423 1103 2446 venerabilis

169 2459 242 2481 nostri
266 2458 344 2481 fratris
365 2458 505 2481 Lodomerii
532 2457 707 2488 archiepiscopi
731 2457 911 2487 strigoniensis,
937 2462 994 2481 tunc
1016 2458 1102 2480 XVara-

168 2493 258 2515 diensis
283 2493 404 2524 episcopi,
436 2492 466 2515 ad
492 2492 618 2515 ecclesiam
641 2492 844 2521 strigoniensem,
877 2492 942 2515 idem
969 2492 1102 2523 capitulum

168 2527 260 2550 dictum
278 2527 409 2555 Thomam,
434 2531 491 2550 tune
511 2526 677 2557 Praepositum
695 2526 810 2548 ecclc->iae
832 2527 907 2549 sancti
928 2526 1056 2549 Michaelis
1073 2526 1103 2549 (lc

169 2561 335 2585 Castroserreo
351 2561 479 2585 Iauriensis
498 2561 623 2589 dioecesis,
645 2561 667 2583 in
685 2568 768 2583 eorum
787 2560 928 2591 episcopum
946 2561 1062 2583 canonice
1075 2568 1103 2583 ac

169 2596 321 2619 concorditer
342 2596 474 2626 elegerunt,
502 2600 524 2618 et
547 2595 603 2623 tibi,
630 2594 702 2617 sraler
727 2594 920 2625 archiepiscope,
946 2598 1003 2618 tunc
1025 2595 1103 2618 electo

169 2630 297 2653 Colocensi
311 2635 333 2653 et
346 2630 461 2657 Batiensi,
478 2629 524 2652 loci
540 2629 728 2659 metropolitani,
745 2628 863 2651 electione
873 2628 943 2652 buius
954 2633 1098 2659 presentata,

169 2664 235 2687 illam
258 2664 394 2688 confirmari
420 2672 475 2688 cum
500 2663 614 2686 instantia
638 2663 770 2694 petierunt:
794 2663 834 2685 sed
862 2663 1006 2686 venerabilis
1031 2663 1103 2686 frater

169 2704 250 2722 noster
268 2699 395 2730 Philippus
411 2699 539 2730 episcopus
558 2698 692 2725 Firmanus,
714 2697 737 2719 in
751 2697 814 2719 illius
832 2697 940 2727 partibus
953 2697 1102 2728 apostolicae

167 2733 231 2755 sedis
248 2733 349 2763 legatus,
374 2741 489 2761 asserens,
515 2732 580 2763 quod
604 2732 668 2755 idem
685 2731 795 2754 Thomas
813 2731 1005 2762 praeposituram
1027 2731 1102 2762 ipsius

167 2767 284 2791 ecclesiae
311 2768 342 2791 <le
367 2767 532 2791 Castroferreo
560 2770 615 2797 post
643 2765 757 2797 gencrale
782 2765 912 2788 concilium
938 2765 1101 2795 Lugduncnst·

168 2800 243 2825 fuerat
260 2807 394 2830 assecutus,
420 2807 443 2825 et
465 2802 531 2825 iuxta
552 2806 660 2824 tenorem
683 2799 862 2823 constitutionis
880 2799 904 2822 in
926 2800 980 2830 ipso
998 2800 1101 2823 concilio

167 2835 248 2859 editae
258 2844 300 2867 per
314 2836 389 2859 felicis
401 2835 726 2865 recordationisGregorium
738 2841 827 2865 papam
837 2834 879 2862 X„
890 2834 1099 2864 praedecessorem

168 2874 284 2898 nostrum,
301 2871 411 2894 ordinem
424 2871 597 2901 presbiteratus
609 2877 658 2892 non
671 2873 795 2900 receperat
809 2867 870 2891 infra
882 2876 980 2896 annum,
1001 2873 1100 2899 propter

168 2905 233 2933 quod
247 2910 297 2928 erat
311 2905 424 2928 inhabilis
435 2905 465 2928 ad
479 2904 616 2928 huiusmodi
631 2902 822 2927 confirmationis
834 2902 979 2926 beneficium
989 2903 1100 2926 obtinen-

167 2938 233 2967 dum,
254 2939 386 2962 inhibuisse
399 2939 443 2962 tibi
455 2939 550 2968 dicitur,
570 2946 601 2962 ne
613 2938 703 2962 dictam
717 2937 862 2961 electionem
875 2937 1027 2968 aliquatenus
1043 2945 1100 2961 con-

217 3040 269 3058 Tit.
283 3040 321 3059 Vl.
349 3040 409 3064 Cap.
424 3041 493 3060 xvn.
521 3042 554 3064 24)
565 3042 612 3059 ant:
622 3040 690 3059 deest:
700 3039 760 3059 (joaa.
771 3038 816 3058 coll.
827 3039 877 3063 oriq.
904 3037 938 3061 25)
948 3040 1041 3057 extunc:
1051 3037 1102 3057 ,ww

168 3065 201 3085 ²⁴3}
210 3065 316 3084 Romani:
331 3065 437 3084 ABEFGH
444 3067 494 3089 orry.
521 3067 555 3089 27)
565 3066 701 3085 exstiterint:
715 3064 826 3088 Memfi,-
840 3064 960 3084 exsistunt:
971 3064 989 3082 I)
1015 3065 1048 3088 25)
1059 3065 1098 3084 ud:

167 3089 234 3107 deest:
249 3090 362 3109 Amfk'sillr
371 3092 420 3115 on'q.
473 3094 505 3111 2¹³1
516 3097 576 3111 eam:
590 3091 657 3110 deest.-
671 3091 732 3110 emm.
742 3091 788 3110 coll.

219 3116 278 3139 Cap.
292 3116 372 3136 XVffl.
399 3119 419 3141 ι)
429 3122 482 3136 nec:
495 3117 525 3136 ι’(ί
576 3119 597 3141 ι’)
607 3117 750 3137 devolvatur:
764 3117 803 3136 BC.

1148 363 1266 389 ecclesia
1280 361 1431 388 c.·tthcdiali
1447 366 1572 393 vacante,
1587 361 1608 387 si
1623 369 1672 395 per
1685 369 1744 394 eos,
1757 361 1793 387 ad
1807 369 1878 420 quos
1892 363 2008 394 spectat,
2021 368 2077 385 non

1147 397 1229 423 suerit
1247 397 1346 423 electio
1365 396 1399 422 de
1417 405 1456 430 pn
1451 396 1543 422 ael-ito
1563 395 1633 421 infra
1650 400 1760 434 tempus
1780 395 1815 421 (le
1826 400 1905 421 ntum
1928 395 2077 426 celebrata,

1147 431 1269 464 eligendi
1284 436 1409 464 potestas
1423 431 1458 455 Ἰ(1
1473 430 1644 463 superiorem
1658 438 1812 463 proximum
1827 429 2001 455 devolvatur.
2023 429 2077 454 hoc

1147 452 1240 491 tamen
1262 474 1316 491 non
1339 470 1381 490 est
1405 465 1442 490 ad
1468 472 1561 490 casum
1586 464 1671 489 alium
1695 464 1910 490 extendendum.
1947 463 2032 495 Igitur
2054 462 2077 488 si

1147 499 1282 526 electores
1301 500 1327 525 in
1346 499 1504 524 huiusmodi
1523 498 1641 524 ecclesia
1654 498 1697 524 vel
1716 498 1777 532 ipso
1791 498 1858 530 iure,
1873 506 1958 531 quum
1971 497 2077 530 eliount

1147 533 1266 560 scienter
1279 534 1344 559 indi
1339 542 1431 565 ξιιιιιιι,
1445 533 1488 558 iel
1506 541 1556 566 per
1569 532 1746 563 sententiam,
1761 541 1846 566 qutun
1863 532 1980 557 sormam
1995 531 2077 556 tradi-

1146 571 1202 593 tam
1222 568 1248 593 in
1265 576 1352 600 ε(ξ-οιιιὶι
1353 568 1388 593 ali
1407 567 1524 592 concilio
1542 575 1597 592 non
1615 567 1716 592 observ
1718 571 1774 598 ant,
1793 566 1913 599 eligendi
1936 570 2078 600 potestate

1146 602 1298 635 priventur:
1321 603 1391 627 nonl
1414 602 1449 627 ad
1472 601 1577 626 dictum
1595 601 1845 634 supeiiorem,sec1
1867 601 1903 626 ad
1920 601 2077 626 Romanum

1146 636 1308 662 Pontificem
1322 641 1423 670 potcst¹
1418 645 1448 662 ι5
1462 635 1561 661 cadem
1580 635 1632 661 dex
1635 635 1750 661 oli··.etui
1787 636 1873 661 Sectis
1891 639 1984 661 autem
1998 635 2025 660 in
2039 634 2077 659 in-

1148 669 1294 696 ferioribus
1309 670 1433 697 ecclesiis
1447 675 1489 696 est
1503 669 1683 696 censendum.

1539 740 1555 759 C
1562 739 1580 758 A
1587 739 1612 759 P.
1626 739 1684 758 XIX.

1145 773 1311 793 Constitutione
1325 774 1354 794 t‘t
1364 774 1424 793 circa
1437 779 1482 793 non
1497 774 1605 792 satisfecit
1615 773 1736 797 appellans,
1751 773 1788 797 qui
1803 773 1937 792 disiunctivo
1952 773 2039 796 iuravit,
2054 777 2078 791 se

1146 799 1237 819 credero
1247 801 1348 824 opposita
1359 805 1406 819 esso
1416 805 1476 825 vera,
1487 800 1522 818 vel
1533 805 1589 823 quae
1599 800 1700 818 sustinere
1707 799 1815 818 deberent
1825 804 1852 818 ex
1862 799 1901 818 eis.
1920 799 1998 818 Ioann.
2008 798 2078 817 Andr.

1561 841 1661 868 Ideni.

1214 885 1247 917 Is,
1270 885 1316 918 qui
1339 889 1434 910 contra
1457 884 1601 910 electionis
1623 883 1741 909 sormam
1759 883 1803 909 vel
1825 883 1906 909 electi
1928 891 2077 917 personam

1145 917 1239 951 aliqua
1252 919 1385 944 obiiciens
1399 919 1435 944 ad
1452 919 1551 944 sedem
1568 918 1751 951 apostolicam
1768 917 1927 956 appellavit,
1941 917 2077 951 corporali

1147 960 1163 977 a
1177 960 1207 978 se
1221 954 1354 986 praestito
1369 953 1533 985 iuramento,
1544 952 1620 991 quod
1634 952 1688 984 illa,
1699 960 1771 985 quae
1785 953 1811 977 in
1825 952 2014 986 appellatione
2027 959 2078 977 sua

1145 992 1330 1020 expresserat,
1347 987 1391 1013 vel
1408 995 1450 1019 ea,
1468 995 1539 1020 quae
1557 987 1592 1012 de
1610 987 1678 1020 ipsis
1697 986 1834 1012 deberent
1857 985 1994 1018 sufficere,
2012 994 2078 1011 vera

1145 1029 1209 1046 esse
1227 1021 1370 1053 credebat,
1388 1025 1416 1047 et
1433 1029 1463 1047 se
1485 1029 1569 1054 posse
1592 1021 1721 1054 probare,
1739 1029 1795 1046 non
1808 1025 1850 1046 est
1864 1028 1948 1054 super
1961 1020 2076 1046 obiectis

1144 1055 1189 1080 vel
1207 1055 1346 1093 expressis
1363 1041 1521 1081 iiuiusmodi
1540 1055 1706 1087 audiendus,
1725 1063 1811 1088 quum
1830 1063 1885 1080 non
1907 1055 2078 1088 simpliciter,

1145 1089 1224 1114 sicuti
1247 1090 1394 1115 tenebatur
1415 1089 1490 1115 iuxta
1511 1089 1738 1115 constitutionem
1763 1089 1851 1114 felicis
1876 1089 2077 1115 recordationis

1146 1124 1273 1156 Gregorii
1292 1124 1385 1157 Papae
1403 1124 1471 1149 Χ.1·
1488 1123 1714 1157 praedecessoris
1733 1123 1829 1155 nostri,
1847 1123 1951 1149 editam
1969 1123 1996 1148 in
2013 1131 2077 1148 con-

1145 1157 1206 1183 cilio
1220 1158 1376 1191 generaliff‘
1393 1157 1582 1191 Lugdunensi,
1596 1158 1735 1189 iuraverit,
1748 1166 1881 1191 expressa
1895 1157 2011 1183 eadem³
2026 1165 2077 1183 seu

1145 1192 1256 1218 obiecta
1274 1200 1304 1217 se
1323 1192 1439 1218 credere
1456 1200 1522 1218 vera
1534 1201 1607 1224 esse,
1626 1197 1653 1218 et
1671 1200 1701 1218 se
1718 1200 1804 1226 posse
1821 1192 1950 1226 probare,
1968 1191 2019 1217 sed
2038 1192 2078 1217 in-

1144 1226 1328 1252 determinate
1342 1226 1397 1259 illa,
1411 1226 1455 1252 vel
1469 1235 1510 1260 ea,
1525 1235 1598 1260 quae
1612 1226 1747 1252 deberent
1765 1226 1894 1252 sufficere
1907 1226 1943 1252 de
1957 1226 2076 1252 eisdem.

1541 1296 1614 1316 CAP.
1629 1296 1676 1315 XX.

1144 1330 1187 1354 Qui
1207 1332 1286 1350 contra
1305 1332 1388 1350 certain
1402 1335 1528 1355 personam,
1547 1336 1575 1350 ne
1590 1331 1692 1354 eligatur,
1711 1329 1815 1354 appellat,
1835 1330 2029 1349 constitutionem:
2048 1329 2078 1349 Ut

1386 1357 1445 1376 circa
1455 1362 1543 1376 servare
1554 1359 1648 1376 tenetur.
1677 1357 1755 1375 Ioann.
1766 1357 1835 1375 Andr.

1560 1398 1660 1424 Idem.

1212 1442 1264 1475 Qui
1279 1445 1375 1467 contra
1388 1445 1491 1467 certam
1509 1445 1537 1467 et
1554 1441 1724 1467 nominatam
1742 1449 1900 1474 personam,
1913 1449 1949 1467 ne
1967 1441 2002 1467 ab
2016 1441 2076 1467 aliis

1143 1476 1270 1509 eligatur,
1277 1475 1313 1501 ad
1324 1475 1421 1502 sedem
1432 1476 1624 1509 apostolicam,
1631 1480 1783 1509 antequam
1793 1475 1840 1500 fiat
1851 1475 1960 1508 electio,
1968 1475 2077 1501 duxerit

1142 1510 1443 1549 appellandum,debet
1454 1519 1505 1544 per
1515 1511 1608 1535 omnia
1619 1510 1646 1535 in
1656 1509 1825 1544 appellando
1836 1518 1948 1535 servare
1958 1510 2077 1536 formam

1143 1545 1348 1570 constitutionis
1362 1544 1449 1570 felicis
1463 1544 1664 1570 recordationis
1676 1544 1803 1577 Gregorii
1814 1545 1906 1578 Papae
1915 1545 1985 1570 X.l*
1997 1552 2077 1578 prae-

1143 1579 1300 1605 decessoris
1318 1579 1419 1604 nostri:
1442 1579 1480 1605 Ut
1499 1579 1580 1611 circa,
1598 1579 1692 1604 editae
1709 1587 1736 1604 m
1753 1578 1870 1604 concilio
1887 1578 2077 1612 Lugdunensi,

1142 1622 1174 1638 ac
1188 1614 1210 1639 si
1224 1614 1378 1639 electione
1373 1621 1427 1639 1arn
1440 1613 1513 1638 facta
1524 1621 1588 1639 eum
1599 1613 1773 1646 contingeret
1784 1612 1938 1646 appellare;
1952 1613 2076 1652 alioquin

1142 1656 1197 1673 non
1211 1648 1366 1674 observans
1379 1655 1488 1682 poenae
1499 1647 1703 1674 constitutionis
1715 1647 1840 1673 eiusdem
1851 1655 1881 1673 se
1892 1647 1999 1673 noverit
2012 1647 2076 1673 sub-

1142 1682 1244 1708 iacere.

1537 1734 1610 1754 CAP.
1624 1734 1682 1753 XXI.

1142 1768 1166 1787 Si
1177 1769 1361 1792 compromissum
1372 1770 1404 1788 est
1414 1769 1437 1787 iu
1447 1769 1527 1792 plures,
1542 1771 1566 1787 ut
1576 1769 1666 1793 eligant,
1677 1774 1716 1792 per
1726 1773 1793 1787 unam
1804 1768 1908 1788 facienda
1917 1769 1950 1788 est
1959 1769 2076 1788 electionis

1142 1795 1305 1819 pronunciatio,
1321 1795 1378 1814 sient
1392 1795 1481 1818 quaudo
1492 1795 1620 1818 proceditur
1634 1800 1674 1818 per
1688 1795 1781 1814 formam
1791 1795 1905 1818 scrutinii3
1919 1795 1986 1814 aliter
1996 1795 2075 1814 electio

1419 1821 1478 1839 faeta.
1487 1826 1532 1839 non
1542 1822 1610 1839 tenet.
1637 1821 1716 1840 Ioann.
1726 1821 1795 1839 Andr.

1559 1862 1659 1888 Idem.

1212 1905 1296 1937 Sicut,
1311 1913 1396 1939 quum
1414 1913 1464 1938 per
1481 1904 1599 1930 formam
1612 1905 1735 1930 scrutinii
1749 1904 1785 1930 ad
1798 1904 1964 1931 electionem
1976 1913 2074 1944 proce-

1145 1939 1227 1971 ditur,
1249 1944 1291 1965 est
1314 1948 1364 1973 per
1385 1947 1469 1964 unum
1491 1939 1701 1978 pronuncianda
1723 1945 1751 1965 et
1773 1939 1902 1965 facienda
1920 1940 2074 1965 communis

1143 1974 1242 2000 electio
1256 1974 1411 2000 secundum
1425 1973 1557 1999 canonica
1571 1974 1708 1999 instituta:
1730 1973 1769 1999 sic
1783 1978 1810 1999 et
1828 1982 1878 2007 per
1891 1982 1976 1999 unum
1990 1974 2076 2000 debet

1143 2008 1210 2040 lieri,
1229 2016 1315 2042 quum
1336 2017 1386 2042 per
1404 2008 1522 2033 formam
1539 2008 1701 2042 proceditur
1717 2008 1925 2042 compromissi;
1947 2008 2075 2046 quamvis

1143 2043 1170 2068 in
1182 2043 1292 2069 arbitris
1306 2043 1556 2077 compiomissariis
1574 2043 1617 2068 lex
1634 2043 1755 2068 humana
1772 2043 1876 2074 innuat,
1891 2043 1968 2076 quod
1984 2043 2020 2068 ab
2034 2050 2074 2069 eis

1140 2147 1255 2176 firmares,
1272 2148 1354 2179 sicque
1368 2151 1493 2178 praetextu
1507 2147 1658 2171 inhibitionis
1670 2147 1810 2171 huiusmodi
1828 2147 1895 2171 dicta
1907 2147 2074 2171 waradiensis

1139 2182 1242 2206 ecclesia
1255 2183 1388 2206 vacationis
1402 2182 1558 2205 incommoda
1571 2182 1726 2213 compellitur
1735 2181 1845 2213 experiri.
1885 2182 1968 2212 Quum
1980 2182 2069 2214 itaque,

1139 2217 1199 2240 sicut
1216 2217 1336 2245 asseritur,
1357 2217 1423 2240 dicta
1439 2217 1541 2240 ecclesia
1557 2217 1588 2240 <le
1605 2216 1770 2240 Castroferreo
1786 2224 1834 2240 non
1852 2216 2005 2247 parochialis,
2030 2217 2074 2240 sed

1139 2251 1268 2281 collegiata
1286 2252 1392 2279 exsistat,
1415 2251 1449 2274 ita
1465 2251 1529 2282 qnod
1548 2251 1579 2274 ad
1597 2251 1790 2282 praeposituram
1804 2251 1883 2282 ipsam
1899 2258 1924 2274 se
1937 2251 2002 2274 dicta
2015 2259 2072 2274 con-

1138 2286 1239 2314 stitutio,
1260 2294 1322 2316 quae
1340 2290 1434 2309 tantum
1457 2285 1488 2309 de
1512 2285 1693 2316 parochialibus
1714 2285 1821 2309 ecclesiis
1841 2289 1865 2308 et
1886 2285 2016 2316 assumptis
2041 2285 2073 2308 ad

1140 2320 1245 2351 ipsarum
1260 2320 1367 2350 regimen
1381 2319 1494 2351 loquitur,
1516 2328 1565 2343 non
1582 2320 1698 2348 extendit,
1718 2328 1763 2351 pro
1779 2323 1848 2350 parte
1864 2319 1985 2343 dictorum
2002 2319 2073 2343 electi

1139 2359 1161 2377 et
1180 2355 1279 2385 capituli
1298 2354 1341 2377 fuit
1354 2354 1425 2377 nobis
1437 2354 1561 2377 humiliter
1574 2354 1745 2385 supplicatum,
1762 2358 1787 2377 ut
1801 2354 1929 2385 providere
1941 2361 2014 2385 super
2025 2354 2072 2377 hoe

1138 2389 1169 2412 de
1181 2389 1332 2419 benignitate
1346 2389 1409 2412 sedis
1422 2389 1571 2419 apostolicae
1589 2396 1738 2412 curaremus:
1764 2389 1817 2411 Nos
1835 2392 1916 2411 autem
1933 2388 2072 2419 praedictae

1140 2423 1293 2446 Waradiensi
1318 2423 1445 2451 ecclesiae,
1477 2431 1507 2446 ne
1531 2423 1639 2446 ulteriori
1664 2423 1784 2446 vacationi
1809 2422 1943 2451 subiaceat,
1971 2426 2073 2454 paterna

1138 2457 1247 2481 volentes
1264 2457 1428 2480 sollicitudine
1445 2457 1580 2488 providere,
1606 2456 1750 2480 fraternitati
1767 2461 1861 2480 vestrae
1878 2464 1922 2488 per
1937 2457 2072 2488 apostolica

1137 2492 1227 2523 scripta
1240 2491 1391 2520 mandamus,
1405 2495 1524 2523 quatenus
1537 2491 1600 2515 veris
1610 2491 1780 2514 exsistentibus
1789 2491 1941 2522 supradictis,
1954 2495 1988 2520 tu,
2001 2498 2071 2522 prae-

1137 2526 1202 2549 dicte
1219 2526 1407 2557 archiepiscope,
1433 2534 1488 2549 cum
1506 2533 1589 2549 comm
1607 2525 1690 2554 altero,
1710 2525 1730 2549 si
1748 2533 1832 2548 omnes
1849 2525 1895 2549 hiis
1913 2525 2071 2556 exsequendis

1138 2561 1294 2592 nequiveritis
1307 2561 1428 2589 interesse,
1446 2560 1560 2591 inquisita
1572 2560 1603 2583 de
1617 2560 1691 2583 modo
1704 2560 1829 2583 electionis
1842 2567 1870 2583 ae
1882 2559 1967 2583 studiis
1979 2559 2070 2589 eligen-

1137 2595 1206 2623 tium,
1227 2602 1254 2618 ac
1268 2595 1337 2618 electi
1355 2595 1446 2617 meritis
1459 2594 1600 2624 diligentius
1614 2594 1721 2623 veritate,
1742 2595 1761 2617 si
1775 2594 1865 2617 dictam
1878 2593 2021 2617 electionem
2034 2593 2070 2616 in-

1137 2629 1250 2652 vencritis
1267 2629 1327 2652 alias
1343 2629 1374 2652 de
1396 2636 1499 2660 persona
1516 2629 1605 2652 idonea
1622 2629 1738 2652 canonice
1752 2629 1906 2657 celebratam,
1927 2627 2070 2651 auctoritate

1137 2668 1219 2687 nostra
1235 2663 1383 2687 confirmetis
1405 2663 1520 2691 eandem,
1546 2662 1660 2686 facientes
1677 2670 1690 2686 a
1707 2663 1756 2686 suis
1773 2663 1875 2686 subditis
1896 2662 1975 2685 eidem
1992 2661 2070 2685 electo

1137 2698 1295 2721 reverentiam
1313 2702 1335 2721 et
1353 2697 1518 2721 obedientiam
1537 2697 1645 2720 debitam
1667 2697 1784 2725 exhiberi,
1808 2704 1836 2720 ac
1858 2695 2014 2719 nihilominus
2031 2699 2066 2725 tu,

1137 2732 1244 2763 praefate
1262 2731 1451 2763 archiepiscope,
1476 2731 1597 2755 adiunctis
1618 2731 1662 2754 tibi
1680 2732 1775 2755 duobus
1795 2731 1834 2754 vel
1855 2730 1931 2753 tribus
1948 2729 2070 2761 episcopis

1136 2767 1239 2796 ⁴qratiam
1258 2771 1281 2790 et
1301 2767 1499 2790 eonnnunionem
1517 2766 1666 2797 apostolicae
1685 2765 1749 2789 sedis
1765 2764 1917 2793 habentibus,
1943 2764 2069 2794 praedicto

1136 2801 1214 2824 eleeto
1231 2809 1318 2824 munus
1335 2800 1523 2824 consecrationis
1540 2800 1673 2831 impendas.
1714 2799 1830 2830 Alioquin
1848 2798 1932 2821 eadem
1950 2798 2069 2822 electione

1136 2835 1180 2858 rite
1200 2839 1304 2864 cassata,
1333 2843 1362 2858 ex
1384 2839 1441 2858 tunc
1465 2835 1611 2858 celebranda
1635 2834 1721 2858 electio
1742 2832 1880 2864 praedictae
1902 2832 2068 2856 waradiensis

1135 2869 1251 2893 ecclesiae
1268 2870 1300 2893 ad
1321 2878 1370 2898 eos,
1395 2869 1426 2892 ad
1444 2877 1505 2900 quos
1522 2869 1553 2892 de
1570 2869 1621 2892 iure
1638 2868 1749 2899 pertinet,
1774 2866 1923 2890 devolvatur.
1964 2866 2064 2897 Datum,

1135 2904 1200 2934 apud
1226 2904 1427 2928 Arbcmveterein
1448 2903 1520 2927 XIV.
1546 2903 1603 2926 Kal.
1632 2902 1687 2926 Iulii
1714 2900 1869 2925 pontificatus
1894 2900 1969 2924 nostri
1994 2901 2068 2925 Anno

1136 2939 1258 2962 Secundo.

1186 3039 1247 3064 Cap.
1262 3039 1321 3059 XIX.
1357 3039 1377 3063 1)
1387 3039 1426 3059 X.:
1442 3037 1507 3058 deest:
1521 3037 1581 3057 codd.
1597 3036 1642 3055 coll.
1655 3045 1677 3049 -
1687 3035 1713 3060 tf.
1729 3040 1776 3060 ειη).
1792 3040 1808 3054 c.
1818 3035 1838 3054 4.
1891 3036 1912 3059 z)
1922 3042 1984 3060 gerh:
2000 3036 2056 3057 deest

1135 3064 1196 3084 Cotla.
1206 3065 1252 3085 coll.
1305 3066 1325 3090 3)
1336 3065 1396 3084 ead.:
1411 3065 1478 3084 deest:
1492 3063 1568 3083 Imm.

1186 3092 1246 3116 Cap.
1262 3092 1308 3110 XX.
1337 3091 1406 3115 1)X.z
1420 3089 1488 3110 deest.-
1501 3088 1561 3108 Codd.
1571 3087 1617 3108 coll.
1628 3098 1652 3101 —
1662 3086 1688 3111 cf.
1699 3091 1746 3110 ειη).
1756 3092 1773 3105 c.
1783 3087 1802 3105 4,

2224 2468 2238 2479 A·
