2243 3288
154 248 217 275 1211

155 324 295 363 praefatos
314 327 471 347 contractus
490 321 578 345 licitos
596 326 623 346 et
642 321 691 346 iuri
710 321 849 346 communi
871 320 1039 353 conformes,
1052 330 1085 347 ac

156 366 277 392 ipsorum
292 364 423 381 censuum
435 355 597 380 venditores
615 355 650 380 ad
670 355 778 380 illorum
796 355 949 381 solutiones
967 356 1085 388 (remoto

154 391 379 417 contradictionis
404 389 558 419 obstaculo)
585 389 712 421 obligari,
737 389 903 415 auctoritate
931 389 1086 423 apostolica

154 433 249 451 tenore
269 423 455 457 praesentium
474 431 508 448 ex
526 428 601 448 certa
619 423 735 449 scientia
758 423 941 455 declaramus,
961 432 1015 449 non
1038 425 1086 449 ob-

153 459 287 485 stantibus
315 457 484 490 praemissis,
509 457 667 490 ceterisque
692 458 836 483 contrariis
863 458 1086 491 quibuscunque.

154 493 223 519 Nulli
243 500 309 523 ergo
328 492 440 516 omnino
459 491 601 516 hominum
625 491 706 517 liceat
728 492 798 517 lianc
822 492 951 525 paginam
975 497 1086 518 nostrae

153 526 345 552 declarationis
360 525 518 557 infringere,
532 526 575 550 vel
589 526 614 551 ci
627 534 695 551 ausu
711 526 860 552 temerario
874 527 1021 552 contraire.
1059 527 1087 552 Si

153 562 214 594 quis
239 566 333 585 autem
361 560 413 585 hoc
440 564 576 585 attentare
603 561 834 594 praesumpserit:
866 560 1087 592 indignationem

153 594 350 628 omnipotentis
369 593 422 619 Dei
442 602 474 618 ac
495 593 642 619 beatorum
662 594 732 620 l'etri
751 599 777 620 et
796 595 871 620 Pauli
887 595 1087 628 Apostolorum

152 629 211 654 eius
238 636 267 653 se
294 628 402 653 nox-erit
431 628 612 653 incursurum.
649 629 798 659 Volentes,
823 629 899 662 quod
947 629 1086 655 raedictae

153 663 248 688 literae
278 668 389 687 nostrae
419 662 544 687 debitum
571 662 721 688 sortiantur
751 663 896 694 effectum,
933 663 1086 689 raternitati

153 703 262 722 xestme
288 705 338 730 per
362 696 516 730 apostolica
541 697 644 730 scripta
669 697 845 729 mandamus,
867 702 1004 730 quatenus
1027 706 1086 729 vos,

152 731 196 756 vel
210 730 265 755 duo
279 736 325 755 aut
340 739 409 755 unus
423 736 556 759 vestrum,
570 740 620 764 per
633 740 682 756 vos
697 731 740 756 vel
757 732 841 756 alium
857 740 905 757 seu
919 731 989 757 alios
1008 740 1086 765 prae-

152 765 215 790 fatis
229 765 402 798 emptoribus
417 766 443 790 in
457 765 618 798 praemissis
631 765 781 799 opportuni
796 765 897 791 favoris
916 766 1086 799 praesidium

153 799 303 825 efficaciter
326 799 531 832 impendenth
554 799 700 832 dictasque
724 800 826 832 literas,
849 800 905 831 ubi,
925 800 1037 833 quando
1060 806 1086 826 et

153 834 263 866 quoties
294 833 427 867 expedire
452 833 591 865 videritis,
617 834 782 860 auctoritate
811 839 906 859 nostra
935 834 1087 860 solenniter

151 868 336 900 publicantes,
355 867 461 892 faciatis
480 867 580 892 eadem
598 869 762 894 auctoritate
777 868 884 894 eisdem
903 869 1086 902 emptoribus,

151 902 196 927 vel
207 902 330 935 ipsorum
341 902 567 935 procuratoribus
579 910 675 927 eorum
687 902 855 934 no1ninibus‚
866 911 917 936 per
926 903 1086 929 venditores

152 944 201 961 seu
213 936 356 962 debitores
367 944 499 962 censuum
511 936 669 961 huiusmodi
681 937 716 962 dc
728 937 861 970 praefatis
872 937 1002 963 censibus
1013 937 1087 963 iuxta

152 976 344 996 contractuum
355 975 382 996 et
393 971 617 1001 conventionum,
628 970 699 996 inter
712 971 789 1004 ipsos
800 971 958 997 habitorum
968 971 1087 997 formam

152 1011 179 1030 et
194 1010 320 1030 tenorem
334 1004 445 1038 plenam
458 1010 485 1030 et
499 1004 623 1030 debitam
641 1005 861 1031 satisfactionem
876 1005 1009 1039 impendi,
1023 1014 1087 1031 con-

153 1038 318 1064 tradictores
337 1047 387 1072 per
404 1047 549 1064 censuram
567 1039 785 1065 ecclesiasticam
805 1039 993 1073 appellatione
1011 1045 1087 1073 post-

154 1073 245 1107 posita
258 1073 474 1107 compescendo,
488 1082 543 1098 non
557 1073 696 1105 obstante,
710 1074 732 1099 si
750 1074 889 1107 aliquibus
904 1074 1088 1100 communiter

152 1107 196 1133 vel
215 1107 325 1133 divisim
342 1116 359 1133 a
376 1107 444 1133 sede
463 1108 618 1141 apostolica
635 1108 669 1133 sit
687 1107 834 1140 indultum,
852 1108 928 1142 quod
951 1109 1088 1141 interdici,

153 1141 287 1175 suspendi
302 1142 345 1167 rel
358 1142 590 1167 excommunicari
604 1150 658 1167 non
674 1142 790 1175 possint,
804 1151 854 1176 per
868 1143 961 1168 literas
974 1148 1086 1176 aposto-

152 1176 228 1207 licas,
246 1184 302 1201 non
320 1175 454 1202 facientes
478 1177 590 1210 plenam
608 1181 635 1201 et
653 1184 825 1210 expressam,
843 1185 875 1202 ac
894 1177 928 1203 de
945 1178 1032 1203 verbo
1052 1177 1087 1203 ad

152 1210 269 1235 verbum
283 1210 319 1236 de
337 1210 444 1235 indulto
462 1210 621 1236 huiusmodi
636 1211 817 1236 mentionem.
853 1212 957 1236 Datum
972 1212 1087 1243 Romae,

152 1244 227 1278 apud
245 1250 357 1270 sanctos
374 1245 475 1278 Apost.
494 1245 539 1270 VI.
576 1245 671 1271 Nonas
690 1245 737 1271 Iul.
756 1246 834 1271 Pont.
849 1246 934 1271 nostri
948 1246 1001 1271 Ao.
1016 1246 1088 1272 VIII.

154 1278 253 1313 [uas-i

565 1348 580 1368 C
588 1349 606 1368 A
612 1349 638 1367 P.
653 1349 680 1367 11.

152 1382 295 1401 Contractum
319 1383 430 1406 quendam
454 1383 573 1406 eiiiptionls
596 1386 618 1401 et
640 1383 789 1407 venditionis,
817 1383 960 1407 pra-’cedenti
983 1384 1087 1407 similem,

153 1409 251 1428 declarat
263 1414 311 1428 esse
322 1410 363 1428 iuri
379 1414 502 1427 consonum
519 1411 539 1427 et
555 1409 581 1428 ab
593 1410 664 1427 usuris
675 1409 780 1428 alienum.
809 1410 837 1428 Et
851 1409 941 1428 tau-lein
957 1410 1017 1428 iubet
1027 1415 1089 1434 prae-

404 1437 488 1454 sentem
501 1435 583 1453 bullam
595 1435 680 1453 cunvtis
691 1436 837 1454 manifestari.

155 1494 308 1519 Calixtus
329 1494 371 1519 111.
391 1493 584 1527 Episcopus
604 1494 927 1528 Magdeburgensis,
950 1495 1088 1521 Nurein-

188 1532 403 1565 burgensisl·
435 1536 466 1558 et
495 1532 804 1558 Halberstadensis
832 1533 1054 1559 ecclesiarum

541 1571 697 1597 Decanis.

208 1622 347 1654 Regimini
358 1621 522 1648 universalis
534 1622 670 1648 ecclesiae
682 1630 842 1656 quanquam
854 1622 983 1648 immeriti
995 1623 1088 1656 dispo—

152 1662 236 1683 nente
250 1657 371 1682 Domino
386 1656 589 1690 praesidentes,
603 1656 675 1681 curis
689 1657 816 1689 angimur
829 1657 958 1688 assiduis,
972 1661 1001 1682 ut
1015 1657 1090 1683 iuxta

154 1691 234 1717 nobis
249 1691 346 1717 crediti
360 1691 600 1724 dispensationem
613 1690 696 1716 officii
711 1691 887 1717 subditorum
901 1691 1089 1724 quorumlibet

154 1726 215 1760 paci
235 1731 262 1751 et
281 1725 376 1758 quieti,
396 1730 530 1758 quantum
548 1725 628 1751 nobis
647 1733 680 1751 ex
699 1725 756 1751 alto
774 1725 946 1757 conceditur,
964 1725 1089 1752 intenda-

153 1768 224 1791 mus,
235 1764 263 1785 et
274 1759 367 1791 dubia,
379 1767 451 1793 quae
462 1759 533 1785 inter
543 1767 593 1785 eos
604 1760 729 1785 oriuntur
742 1768 792 1793 pro
806 1764 943 1793 tempore,
956 1768 990 1786 ne
1001 1760 1090 1785 litium

153 1794 294 1820 anfractus
319 1794 420 1819 exinde
445 1802 494 1819 seu
520 1793 652 1819 scandala
676 1794 850 1827 proveniant,
876 1794 982 1826 debito,
1008 1798 1090 1828 prout

154 1828 259 1854 iustitia
276 1828 454 1862 persuaserit,
473 1827 668 1853 declarationis
686 1832 798 1854 nostrae
811 1828 965 1853 ministerio
979 1829 1089 1862 sopian-

154 1868 206 1888 tur.
226 1862 299 1888 Sane
310 1871 360 1896 pro
371 1868 450 1896 parte
461 1862 627 1887 venerabilis
638 1862 730 1888 fratris
743 1862 829 1887 nostri
844 1863 952 1887 Ioannis
963 1862 1089 1896 episcopi

154 1896 380 1929 Mersburgensis
394 1901 422 1922 et
436 1896 601 1921 dilectorum
620 1896 738 1921 filiorum
752 1896 872 1921 universi
891 1897 956 1922 cleri
971 1897 1089 1922 civitatis

155 1936 183 1957 et
197 1931 335 1956 dioecesis
346 1930 570 1962 Mersburgensis
584 1930 664 1955 nobis
678 1939 766 1964 nuper
777 1930 899 1956 exhibita
912 1931 1011 1964 petitio
1025 1939 1089 1956 con—

155 1965 271 1997 tinebat,
286 1965 371 1998 quod,
385 1965 448 1990 licet
458 1974 475 1990 a
485 1969 561 1990 tanto
575 1969 710 1998 tempore,
724 1965 801 1990 cuius
812 1965 940 1990 contrarii
954 1966 1089 1991 memoria

156 2008 211 2025 non
229 1999 346 2030 exsistit,
369 1999 395 2023 in
419 1999 535 2024 diversis
552 1999 717 2025 Alemaniae
734 1999 859 2033 partibus
883 2007 932 2032 pro
950 2000 1088 2025 communi

155 2034 299 2059 hominum
313 2033 430 2058 utilitate
441 2033 512 2058 inter
525 2033 697 2059 habitatores
707 2039 735 2059 et
746 2034 851 2059 incolas
861 2033 982 2067 partium
992 2042 1089 2060 earun-

156 2068 220 2093 dem
239 2067 300 2092 talis
319 2067 474 2099 inoleverit,
491 2067 684 2101 hactenusque
698 2068 847 2094 observata
865 2068 947 2094 fuerit
966 2068 1089 2101 legitime

155 2102 337 2136 praescripta,
355 2109 387 2126 ac
409 2101 533 2127 moribus
553 2102 688 2127 utentium
706 2107 734 2128 et
751 2102 954 2128 ordinariorum
973 2103 1088 2136 permis-

156 2138 234 2162 sione
248 2141 275 2161 et
289 2136 454 2169 plerumque
465 2144 599 2169 expressa
612 2136 794 2162 ratificatione
804 2137 961 2170 approbata
974 2145 1089 2163 consue-

156 2171 234 2202 tudo,
248 2170 323 2204 quod
338 2170 389 2204 ipsi
403 2170 575 2196 habitatores
587 2175 614 2196 et
628 2170 744 2203 incolae,
758 2171 817 2196 sive
830 2171 868 2196 illi
879 2179 912 2197 ex
926 2171 976 2203 eis,
988 2171 1089 2204 quibus

155 2205 184 2231 id
203 2213 252 2238 pro
272 2204 328 2229 suis
346 2209 418 2229 statu
437 2210 464 2230 et
482 2204 711 2230 indemnitatibus
734 2205 868 2239 expedire
890 2205 979 2230 visum
998 2205 1089 2238 fuerit,

156 2247 241 2272 super
254 2247 350 2264 eorum
364 2238 455 2270 bonis,
469 2238 608 2270 domibus,
622 2239 706 2271 agris,
717 2239 849 2273 praediis,
863 2240 1089 2273 possessionibus

156 2279 184 2300 et
195 2273 398 2299 hereditatibus
405 2281 510 2298 annuos
517 2281 680 2305 marcarum,
689 2274 857 2300 florenorum
867 2282 917 2300 seu
927 2282 1090 2307 grossorum

156 2312 287 2334 monetae
305 2307 331 2332 in
350 2307 475 2340 partibus
494 2307 545 2332 illis
562 2309 706 2339 currentis,
725 2308 830 2334 reditus
844 2316 892 2334 seu
911 2316 1011 2334 census
1024 2317 1090 2335 ven-

158 2342 268 2373 dentes,
286 2349 336 2375 pro
355 2341 470 2373 singulis
487 2349 521 2366 ex
538 2341 647 2373 marcis,
667 2342 778 2368 florenis
797 2343 854 2368 sive
874 2343 979 2375 grossis
997 2343 1090 2369 huius-

157 2376 233 2402 modi
248 2376 283 2401 ab
297 2376 346 2407 eis,
361 2376 407 2408 qui
421 2375 481 2400 illas
495 2376 538 2400 vel
551 2376 622 2408 illos,
636 2376 694 2402 sive
709 2377 813 2402 reditus
827 2377 886 2402 sive
899 2385 999 2403 census
1013 2377 1090 2411 ipsos

157 2411 284 2441 emerint,
306 2415 413 2435 certum
435 2415 597 2443 competens
620 2411 739 2443 pretium
762 2412 789 2436 in
810 2416 955 2437 numerata
972 2413 1092 2445 pecunia

157 2444 311 2471 secundum
338 2444 472 2477 temporis
498 2444 674 2477 qualitatem,
700 2450 781 2478 prout
806 2446 858 2479 ipsi
884 2446 1038 2472 vendentes
1063 2451 1091 2472 et

157 2484 283 2505 ementes
302 2479 329 2503 in
347 2478 534 2503 contractibus
552 2487 636 2512 super
653 2479 695 2504 his
713 2479 784 2505 inter
801 2488 831 2505 se
853 2479 1041 2511 firmaverunt,
1064 2485 1091 2506 et

158 2514 281 2547 recipere
295 2512 368 2537 soliti
382 2511 469 2544 fuere,
488 2512 533 2538 illa
547 2521 579 2538 ex
593 2512 733 2545 domibus,
752 2515 840 2546 terris,
858 2515 942 2547 agris,
960 2514 1091 2548 praedm,

158 2546 385 2582 possessionibus
399 2552 427 2572 et
440 2547 644 2573 hereditatibus
659 2548 816 2581 praedictis,
831 2549 877 2581 qui
892 2549 918 2573 in
932 2549 1091 2574 huiusmodi

158 2581 346 2607 contractibus
366 2581 491 2614 expressi
510 2581 629 2613 fuerunt,
648 2582 855 2615 praedictorum
869 2583 1007 2609 solutione
1020 2583 1091 2609 redi-

159 2623 235 2642 tuum
247 2620 275 2641 et
286 2623 419 2640 censuum
428 2615 742 2648 efficaciterobligantes
754 2616 781 2641 in
792 2617 900 2642 illorum
911 2617 1092 2643 vendentium

160 2651 293 2681 favorem,
315 2649 368 2674 hoc
388 2649 508 2681 adiecto,
531 2650 607 2683 quod
630 2650 680 2683 ipsi
700 2659 750 2684 pro
768 2655 836 2681 rata,
859 2659 914 2684 qua
932 2651 1092 2677 huiusmodi

159 2693 209 2718 per
225 2692 274 2710 eos
293 2688 434 2716 receptam
453 2684 532 2709 dictis
550 2684 707 2709 ementibus
725 2685 903 2710 restituerent
926 2686 952 2710 in
972 2690 1030 2711 toto
1048 2686 1092 2711 vel

161 2721 186 2744 in
201 2724 278 2752 parte
293 2717 448 2751 pecuniam,
459 2727 475 2743 a
488 2718 626 2744 solutione
636 2718 775 2744 redituum
786 2727 834 2744 seu
846 2727 988 2751 censuum,
1000 2720 1092 2745 huius›

160 2752 234 2778 modi
249 2752 403 2777 restitutam
418 2752 563 2785 pecuniam
577 2753 806 2785 contingentium,
819 2753 897 2778 liberi
912 2753 1002 2779 forent
1016 2754 1092 2787 peni-

160 2793 203 2812 tus
218 2792 245 2812 et
259 2787 406 2817 immunes,
425 2786 474 2812 sed
493 2786 577 2812 iidem
597 2792 731 2818 ementes,
754 2787 862 2813 etiarnsi
880 2787 963 2819 bona,
981 2788 1092 2819 domus,

161 2827 259 2851 terrae,
272 2820 340 2853 agri,
374 2821 549 2846 ossessiones
560 2826 587 2846 et
601 2821 772 2847 hereditates
786 2821 945 2846 huiusmodi
959 2830 1092 2855 processu

162 2854 294 2888 temporis
324 2862 340 2879 a
389 2854 567 2880 omnimodae
596 2855 792 2881 destructionis
822 2856 880 2881 sive
910 2856 1092 2882 desolationis

163 2889 360 2914 reducerentur
381 2889 571 2923 opprobrium,
593 2890 740 2923 pecuniam
762 2890 853 2924 ipsam
874 2889 959 2916 etiam
980 2890 1092 2923 agendo

163 2928 291 2956 repetere
308 2930 363 2947 non
380 2923 513 2949 valerent.
554 2924 637 2958 Apud
655 2924 763 2958 aliquos
785 2929 879 2951 tamen
900 2924 1092 2950 haesitationis

214 3018 265 3036 Tit.
280 3019 306 3036 V.
334 3019 395 3042 Cap.
410 3019 438 3037 Π.
466 3021 485 3041 1)
496 3018 544 3041 lem:
559 3019 735 3043 Numburgensis

214 3043 265 3061 Tit.
281 3044 317 3062 Vl.
345 3044 405 3067 Cap.
421 3045 437 3062 1.
473 3046 492 3062 li
504 3044 576 3063 Esslnt
590 3051 614 3063 α
624 3044 670 3067 Ιίιῃ,
687 3045 720 3064 ΙιΊι.
731 3046 749 3064 5.
761 3051 791 3070 φ.
802 3046 834 3065 56.
844 3045 925 3070 sraqm.
941 3050 974 3069 [ip.
986 3043 1091 3068 Imfflmld.

165 3066 193 3086 w]
202 3073 221 3086 α.
234 3070 288 3087 1333.
299 3074 331 3088 no.
341 3070 385 3093 3⁶34
397 3080 419 3083 —-
430 3068 568 3094 ACGIIMNI'f
577 3081 601 3084 —
611 3070 705 3091 Potestas!
715 3077 748 3091 ιιι).
760 3072 831 3092 24881.
886 3093 888 3095 ‚
900 3070 921 3095 2)
932 3070 1030 3091 inducti:
1047 3070 1092 3094 GN,-

516 245 732 270 iiXTRAx'AG.
753 244 924 270 COMMUN.
944 244 1010 270 Lm.
1029 245 1072 271 111.
1091 245 1161 271 TIT.
1179 245 1214 271 V.
1233 245 1278 271 Vl.
1297 245 1348 270 DE
1368 245 1605 272 SEPULTURIS.
1624 253 1648 272 c.
1670 254 1691 272 1.

1990 244 2056 272 1272

1120 328 1246 348 versatur
1265 322 1419 356 scrupulus,
1437 330 1472 347 an
1489 322 1649 348 huiusmodi
1667 327 1825 349 contractus
1844 322 1909 349 liciti
1924 323 1978 348 sint
1991 331 2054 349 cen-

1121 357 1209 383 sendi.
1246 357 1329 382 Unde
1351 356 1484 388 nonnulli,
1506 356 1567 382 illos
1590 358 1728 383 usurarios
1747 358 1807 384 fore
1824 357 2054 392 praetendentes,

1121 391 1297 417 occasionem
1320 395 1456 424 quaerunt
1478 390 1583 416 reditus
1605 395 1632 416 et
1654 399 1753 417 census
1775 391 1934 417 huiusmodi
1957 391 1992 417 ab
2015 391 2054 417 eis

1123 425 1234 451 debitos
1256 434 1311 450 non
1334 424 1470 450 solvendi.
1512 426 1604 458 Quare
1626 433 1677 458 pro
1699 430 1777 459 parte
1800 426 1924 460 episcopi
1944 430 1971 451 et
1990 425 2054 452 cleri

1122 459 1338 492 praedictorum,
1357 459 1551 490 asserentium,
1570 459 1646 492 quod
1666 459 1692 484 in
1707 460 1807 485 talibus
1820 460 1864 485 hic
1877 461 1978 494 emptis
1992 468 2055 485 cen-

1123 493 1199 519 sibus
1210 499 1237 519 et
1248 493 1383 520 reditibus
1394 493 1507 525 fructus,
1519 492 1624 518 reditus
1634 497 1662 519 et
1676 498 1825 527 proventus
1838 494 1957 528 plurium
1967 494 2055 520 eccle—

1123 527 1238 559 siarum,
1268 527 1514 559 monasteriorum,
1544 527 1725 561 hospitalium
1749 532 1777 553 et
1802 528 2055 554 ecclesiasticorum

1122 562 1322 588 beneficiorum
1336 562 1454 587 civitatis
1469 566 1496 587 et
1510 561 1648 587 dioecesis
1663 570 1695 587 ac
1708 562 1827 594 partium
1841 563 2054 595 praedictarum,

1123 603 1173 622 nec
1198 604 1253 621 non
1278 596 1336 622 fere
1362 604 1458 621 omnes
1484 595 1664 629 quotidianae
1690 595 1909 629 distributiones,
1935 605 2005 630 quae
2028 597 2055 622 in

1123 629 1265 664 plerisque
1279 639 1312 656 ex
1325 630 1451 656 ecclesiis
1466 629 1533 663 ipsis
1548 629 1647 655 divinis
1662 629 1894 656 interessentibus
1907 631 2055 656 ministrari

1123 664 1223 696 solent,
1240 664 1393 690 consistere
1411 669 1572 696 noscuntur,
1590 663 1670 689 nobis
1688 664 1739 689 fuit
1760 664 1901 690 humiliter
1918 665 2055 698 supplica-

1123 702 1190 730 tum,
1208 703 1237 723 ut
1255 707 1339 732 super
1357 699 1399 724 his
1417 698 1590 732 apostolicae
1607 698 1683 723 sedis
1701 698 1896 724 declarationis
1914 699 2056 725 oraculum

1122 732 1256 765 impertiri
1279 737 1305 758 ct
1328 733 1449 758 adiicere
1475 737 1591 766 paterna
1613 732 1763 758 dilectione
1785 741 1953 758 curaremus.
1998 734 2055 758 Nos

1122 766 1214 799 igitur,
1232 767 1390 792 huiusmodi
1409 768 1435 792 in
1454 767 1505 792 hac
1522 772 1601 800 parte
1615 766 1865 800 supplicationibus
1884 767 2015 800 inclinati,
2029 772 2057 793 et

1123 800 1210 826 factas
1224 809 1257 826 ex
1270 801 1467 827 commissione
1481 801 1570 827 felicis
1583 800 1785 826 recordationis
1796 801 1907 826 Martini
1918 801 2011 834 Papae
2021 802 2055 827 V.

1123 834 1350 868 praedecessoris
1368 835 1454 861 nostri
1478 835 1599 869 desuper
1617 835 1858 867 examinationem,
1880 839 1908 861 et
1929 835 2056 861 eiusdem

1122 869 1349 902 praedecessoris
1360 870 1445 895 nostri
1457 869 1673 895 declarationem
1684 869 1815 895 attentius
1826 869 2057 903 perstringentes,

1123 903 1237 936 suisque
1254 903 1381 936 vestigiis
1400 903 1586 935 inhaerentes,
1603 903 1639 929 ad
1658 912 1740 929 omne
1758 912 1843 937 super
1860 903 1902 929 his
1920 904 2056 937 ambigui-

1124 937 1187 962 tatis
1205 937 1360 962 tollendum
1377 937 1492 963 dubium
1510 937 1651 971 praefatos
1666 943 1825 964 contractus
1843 937 1934 963 licitos
1948 937 2056 972 iurique

1123 971 1290 1003 conformes,
1313 975 1341 997 et
1363 971 1517 998 vendentes
1539 972 1655 998 eosdem
1679 972 1715 997 ad
1740 972 1864 1006 ipsorum
1888 972 2057 998 solutionem

1123 1013 1257 1032 censuum
1275 1010 1303 1031 et
1320 1005 1459 1031 redituum
1477 1006 1552 1032 iuxta
1570 1006 1707 1032 dictorum
1725 1011 1918 1032 contractuum
1936 1010 2057 1039 tenores,

1123 1044 1232 1066 remoto
1246 1039 1473 1065 contradictionis
1487 1040 1641 1072 obstaculo,
1659 1040 1810 1066 efficaciter
1824 1041 1921 1072 teneri,
1939 1041 2057 1066 auctori-

1124 1078 1181 1100 tate
1197 1074 1353 1108 apostolica
1371 1074 1560 1108 praesentium
1581 1075 1654 1100 serie
1677 1075 1861 1100 declaramus.
1897 1075 1971 1100 Nulli
1989 1083 2057 1108 ergo

1124 1109 1267 1134 hominum
1287 1108 1367 1134 liceat
1385 1108 1456 1133 hanc
1470 1108 1601 1141 paginam
1618 1113 1730 1135 nostrae
1749 1109 1945 1135 declarationis
1964 1109 2058 1135 infrin-

1123 1151 1200 1175 gere,
1221 1142 1265 1168 vel
1283 1142 1308 1168 ei
1326 1151 1394 1168 ausu
1413 1142 1560 1168 temerario
1579 1143 1725 1169 contraire.
1766 1143 1793 1169 Si
1812 1143 1873 1177 quis
1891 1148 1986 1169 autem
2003 1144 2056 1169 hoc

1123 1181 1260 1202 attentare
1277 1176 1510 1210 praesumpserit:
1539 1177 1760 1209 indignationem
1782 1177 1981 1211 omnipotentis
2003 1178 2057 1203 Dei

1124 1216 1152 1237 et
1173 1211 1321 1237 beatorum
1343 1211 1417 1237 Petri
1440 1215 1467 1237 et
1490 1211 1565 1236 Pauli
1587 1211 1790 1244 Apostolorum
1814 1211 1873 1237 eius
1898 1219 1929 1238 se
1950 1212 2058 1238 noverit

1124 1245 1305 1271 incursurum.
1341 1246 1446 1271 Datum
1470 1245 1576 1270 Romae
1601 1245 1675 1278 apud
1700 1250 1826 1271 sanctum
1850 1247 1961 1272 Petrum
1985 1254 2058 1272 anno

1124 1279 1320 1306 incarnationis
1335 1279 1490 1305 dominicae
1501 1279 1685 1305 MCCCCLV.
1696 1279 1785 1313 pridie
1798 1288 1886 1306 nonas
1899 1281 1974 1312 Maii,
1987 1281 2056 1306 Pon-

1124 1314 1243 1340 tificatus
1254 1314 1340 1339 nostri
1351 1322 1423 1339 anno
1435 1313 1533 1347 primo.
1551 1313 1686 1339 Volentes
1696 1314 1801 1347 itaque,
1812 1314 1888 1347 quod
1898 1314 2058 1348 praedictae

1123 1349 1221 1374 literae
1239 1348 1366 1374 debitum
1383 1348 1534 1374 sortiantur
1551 1347 1691 1380 effectum,
1709 1347 1874 1374 fraternitati
1886 1352 1996 1375 vestrae
2009 1357 2059 1383 per

1124 1382 1279 1416 apostolica
1301 1383 1405 1416 scripta
1426 1382 1600 1414 mandamus,
1623 1386 1760 1416 quatenus
1784 1391 1844 1415 vos,
1868 1383 1913 1408 vel
1934 1382 1989 1408 duo
2011 1387 2059 1409 aut

1125 1425 1195 1443 unus
1209 1421 1342 1449 vestrum,
1358 1425 1409 1450 per
1422 1425 1472 1442 vos
1485 1417 1529 1442 vel
1542 1416 1626 1442 alium
1644 1425 1693 1442 seu
1707 1417 1777 1442 alios
1792 1416 1872 1443 dictis
1886 1417 2058 1451 praeposito,

1125 1451 1242 1483 decano,
1256 1451 1377 1485 capitulo
1391 1459 1423 1477 ac
1436 1451 1496 1476 aliis
1510 1450 1683 1476 beneficiatis
1697 1455 1872 1484 opportunae
1886 1451 2058 1478 defensionis

1124 1486 1264 1520 praesidio
1287 1486 1461 1517 assistentes,
1484 1485 1630 1519 dictasque
1650 1485 1756 1517 literas,
1778 1485 1824 1511 ubi
1847 1490 1875 1512 et
1897 1485 2009 1519 quando
2027 1494 2060 1512 ac

1126 1520 1235 1554 quoties
1261 1520 1393 1554 expedire
1422 1519 1560 1551 videritis,
1590 1519 1756 1545 auctoritate
1786 1524 1883 1546 nostra
1907 1519 2059 1546 solenniter

1125 1555 1309 1588 publicantes,
1334 1554 1441 1580 faciatis
1464 1558 1492 1579 et
1516 1553 1617 1580 eadem
1641 1554 1806 1579 auctoritate
1849 1563 1879 1580 er
1898 1553 2060 1580 venditores

1125 1598 1174 1615 seu
1189 1589 1331 1615 debitores
1344 1588 1485 1614 redituum
1499 1592 1527 1614 et
1540 1596 1673 1614 censuum
1687 1588 1815 1614 huiusmo
1839 1589 1846 1614 i
1860 1588 1940 1614 dictis
1951 1593 2060 1622 empto-

1125 1624 1200 1649 ribus
1215 1632 1264 1649 seu
1278 1623 1341 1655 illis,
1359 1623 1461 1656 quibus
1480 1623 1604 1656 ipsorum
1617 1622 1757 1648 redituum
1771 1627 1798 1648 et
1812 1631 1945 1649 censuum
1957 1623 2059 1648 solutio

1125 1658 1294 1691 praestanda
1307 1657 1398 1689 fuerit,
1410 1657 1445 1683 de
1460 1657 1568 1683 eisdem
1581 1657 1711 1682 censibus
1721 1661 1749 1682 et
1762 1657 1897 1683 reditibus
1911 1657 1986 1683 iuxta
1996 1665 2059 1683 con-

1125 1697 1262 1718 tractuum
1279 1697 1307 1718 et
1325 1691 1541 1717 conventionum
1559 1699 1643 1724 super
1659 1691 1702 1716 his
1720 1691 1880 1717 habitorum
1897 1691 2016 1717 formam
2033 1696 2061 1718 et

1126 1732 1252 1752 tenorem
1265 1726 1378 1760 plenam
1392 1730 1419 1752 et
1433 1726 1558 1751 debitam
1571 1725 1793 1751 satisfactionem
1806 1725 1938 1760 impendi,
1952 1730 2060 1752 contra-

1126 1761 1248 1787 dictores
1277 1769 1344 1786 vero
1374 1768 1424 1794 per
1454 1768 1599 1786 censuram
1627 1760 1847 1786 ecclesiasticam
1872 1760 2060 1794 appellatione

1125 1795 1284 1829 postposita
1301 1794 1518 1828 compescendo,
1540 1802 1595 1819 non
1613 1794 1754 1826 obstante,
1779 1794 1802 1819 si
1823 1794 1964 1828 aliquibus
1986 1803 2060 1820 com-

1125 1830 1245 1854 muniter
1266 1829 1309 1854 vel
1333 1829 1443 1854 divisim
1465 1837 1481 1854 a
1503 1828 1571 1854 sede
1595 1828 1751 1861 apostolica
1775 1828 1912 1854 indultum
1936 1829 2061 1861 exsistat,

1126 1863 1202 1896 quod
1216 1863 1351 1894 interdici,
1369 1862 1503 1896 suspendi
1516 1863 1561 1888 vel
1573 1862 1806 1888 excommunicari
1820 1871 1876 1888 non
1889 1863 1997 1896 possint
2010 1871 2061 1897 per

1126 1898 1219 1924 literas
1232 1897 1401 1931 apostolicas
1415 1905 1470 1922 non
1484 1896 1619 1922 facientes
1633 1896 1745 1930 plenam
1756 1901 1783 1922 et
1795 1905 1966 1930 expressam,
1980 1905 2012 1923 ac
2024 1897 2060 1923 de

1125 1932 1211 1958 verbo
1225 1932 1261 1957 ad
1275 1932 1391 1958 verbum
1404 1931 1439 1957 de
1453 1931 1559 1956 indulto
1573 1930 1733 1956 huiusmodi
1747 1931 1928 1958 mentionem.
1955 1932 2060 1958 Datum

1125 1971 1154 1992 ut
1167 1974 1261 2000 supra.

1437 2071 1665 2099 TITULUS
1689 2071 1740 2099 VI.

1407 2137 1463 2162 DE
1497 2136 1774 2163 SEPULTURIS.

1533 2214 1605 2234 CAP.
1621 2214 1655 2234 1.¹

1125 2254 1225 2276 Corpora
1238 2253 1392 2272 ‹lerunt-torum
1408 2255 1572 2276 exenterantes.
1589 2256 1610 2272 et
1625 2259 1651 2273 ea
1665 2254 1794 2273 immaniter
1804 2254 1961 2278 decoquentes,
1977 2256 2002 2274 ut
2011 2260 2061 2274 ossa

1125 2286 1138 2299 a
1156 2279 1260 2299 carnibus
1279 2282 1381 2303 separata
1400 2280 1472 2299 ferant
1490 2279 1621 2303 sepelienda.
1638 2280 1662 2298 in
1681 2282 1763 2299 terram
1781 2286 1851 2304 suani,
1872 2281 1918 2305 ipso
1938 2281 1996 2300 facto
2010 2282 2062 2301 sunt

1495 2306 1691 2324 exeommunicati.

1451 2364 1648 2390 Bonifacius
1667 2365 1739 2391 VIII.

1167 2412 1172 2415 ⁷
1196 2411 1389 2437 Detestandae
1407 2411 1524 2437 feritatis
1542 2411 1671 2444 abusum,
1690 2420 1776 2446 quem
1792 2421 1826 2439 ex
1845 2413 1967 2446 quodam
1982 2421 2062 2439 more

1127 2445 1251 2471 horribili
1266 2446 1389 2471 nonnulli
1403 2445 1500 2472 fideles
1514 2446 1670 2480 improvide
1683 2451 1899 2481 prosequuntur,
1916 2455 1978 2480 nos,
1997 2447 2062 2481 piae

1126 2480 1288 2506 intentionis
1307 2480 1399 2505 ducti'2
1417 2481 1572 2514 proposito,
1594 2489 1629 2506 ne
1646 2481 1750 2506 abusus
1772 2481 1925 2514 praedicti3
1946 2481 2062 2508 saevitia

1127 2514 1242 2540 ulterius
1256 2522 1374 2548 corpora
1386 2514 1507 2540 humana
1521 2515 1663 2547 dilaceret,
1681 2519 1848 2549 mentesque
1862 2515 1986 2542 fidelium
1998 2516 2061 2541 hor-

1127 2557 1189 2574 rore
1211 2553 1396 2580 commoveat,
1419 2553 1446 2574 et
1468 2549 1600 2583 pertubet
1621 2549 1757 2581 auditum,
1780 2549 1864 2583 digne
1887 2550 2060 2576 decrevimus

1127 2582 1307 2608 abolendum.
1343 2583 1462 2609 Praefati
1482 2591 1603 2616 namque
1617 2583 1714 2609 fideles
1727 2583 1808 2609 huius
1822 2592 1889 2610 suae
1902 2584 2061 2618 improban-

1127 2617 1181 2642 dae
1195 2617 1291 2650 utique
1304 2617 1514 2643 consuetudinis
1528 2617 1594 2643 vitio
1609 2617 1811 2650 intendentes-¹,
1829 2618 1851 2643 si
1865 2618 2015 2652 quisquam
2027 2626 2061 2644 ex

1127 2651 1167 2676 eis
1181 2659 1285 2683 genere
1299 2651 1408 2683 nobilis,
1421 2652 1464 2677 vel
1479 2651 1621 2685 dignitatis
1636 2652 1714 2677 titulo
1728 2651 1884 2685 insignitus,
1897 2652 2061 2686 praesertim

1128 2690 1205 2711 extra
1218 2694 1330 2710 suarum
1347 2685 1465 2719 partium
1480 2686 1582 2712 limites
1598 2686 1722 2712 debitum
1741 2691 1856 2712 naturae
1869 2687 2020 2720 persolvat,
2033 2686 2060 2711 in

1128 2719 1184 2745 suis
1197 2719 1242 2745 vel
1255 2719 1387 2745 alienis-5*
1405 2720 1518 2746 remotis
1532 2720 1658 2754 partibus
1671 2720 1814 2754 sepultura
1827 2720 1924 2753 electa,
1939 2719 2059 2746 defuncti

1128 2762 1229 2787 corpus
1254 2762 1288 2779 ex
1313 2753 1436 2787 quodam
1461 2754 1596 2788 impiaess*
1625 2754 1737 2788 pietatis
1766 2754 1867 2780 affectu
1893 2754 2060 2780 truculenter

1128 2792 1300 2820 exenterant,
1322 2796 1354 2813 ac
1372 2788 1439 2813 illud
1457 2788 1634 2814 membratim
1651 2789 1696 2814 vel
1713 2789 1740 2814 in
1758 2788 1860 2814 frustra
1872 2787 2060 2814 immaniter⁷⁸

1128 2822 1319 2854 concidenteS,
1336 2830 1370 2848 ea
1383 2823 1588 2856 subsequenter
1600 2823 1681 2856 aquis
1694 2822 1825 2849 immersa
1838 2826 1978 2856 exponunt
1991 2821 2058 2854 igni-

1128 2857 1180 2882 bus
1198 2856 1391 2890 decoquenda.
1427 2857 1462 2882 Et
1480 2857 1594 2883 tandem
1611 2857 1646 2882 ab
1665 2857 1776 2883 ossibus
1794 2860 1956 2890 tegumento
1969 2855 2059 2881 carnis

1128 2898 1254 2922 excusso,
1272 2891 1373 2917 eadem
1391 2891 1427 2916 ad
1444 2896 1538 2925 partes
1556 2891 1714 2925 praedictas
1735 2891 1847 2917 mittunt
1864 2898 1913 2916 seu
1931 2889 2059 2915 deserunt

1129 2924 1300 2951 tumulanda.
1337 2925 1421 2959 Quod
1433 2933 1489 2951 non
1503 2925 1593 2952 solum
1606 2925 1717 2952 divinae
1729 2924 1882 2951 maiestatis
1895 2924 2057 2956 conspectui

1129 3019 1242 3043 producti:
1256 3019 1288 3039 AC
1357 3020 1377 3043 3)
1388 3020 1513 3043 praedicta:
1529 3019 1559 3043 H,-
1577 3020 1716 3044 praedtctae:
1731 3018 1747 3037 G
1814 3016 1836 3041 4)
1846 3017 1978 3036 innitentem
1993 3017 2061 3037 CHM:

1128 3046 1277 3064 immitantes:
1292 3044 1319 3067 (Ι.-
1342 3046 1495 3065 inhaerentem
1515 3045 1546 3067 N,-
1569 3046 1744 3065 committentes:
1758 3043 1782 3062 M
1855 3042 1876 3065 5)
1891 3043 1952 3061 aliis:
1971 3042 2062 3064 avalla!

1128 3071 1148 3095 G)
1158 3071 1239 3096 impio:
1255 3071 1287 3094 M,-
1300 3072 1421 3096 impietatis
1431 3071 1523 3092 affectu:
1537 3070 1606 3091 ACGN
1655 3070 1676 3095 7)
1685 3069 1848 3090 inhumaniter:
1862 3067 1921 3088 codd.
1932 3068 1978 3089 coll.
