2243 3288
141 250 189 279 941

560 330 633 350 OAP.
648 330 676 350 X.

142 365 221 385 Gratia
235 362 346 388 generalis
362 368 408 382 non
423 364 564 387 praeiudicat
578 365 678 389 speciali,
699 367 721 385 et
735 365 801 385 debet
815 365 890 385 facere
904 366 1043 386 mentionem
1060 366 1088 386 de

219 390 363 414 praecedenti
372 389 499 414 privilegio,
511 392 675 411 consuetudine
685 391 721 411 vel
731 394 821 411 statuto.
849 392 877 411 H.
889 392 909 411 d.
921 393 1010 412 Zenzel.

563 437 662 464 Idem.

209 479 237 505 Si
251 483 368 513 propter
380 484 428 505 tua
441 480 538 506 debita
549 481 740 514 persolvenda
757 481 863 506 fructus
881 481 1085 507 beneficiorum

140 514 222 549 primi
235 514 310 546 anni,
324 522 397 547 quae
410 514 438 540 in
451 519 499 540 tua
511 515 651 540 vacabunt
669 515 802 547 dioecesi,
821 515 879 548 tibi,
892 524 949 541 non
967 516 1081 541 obstan-

141 549 214 574 tibus
226 548 399 582 quibuslibet
409 549 669 581 consuetudinibus,
680 550 834 584 privilegiis
844 550 888 576 vel
900 550 1020 582 statutiS,
1031 559 1082 584 per

141 591 213 617 quae
234 587 331 608 nostra
352 583 482 617 impediri
503 585 637 617 possetl*
659 585 814 616 concessio,
832 592 921 618 usque
943 585 978 610 ad
1002 585 1080 618 quin-

140 617 293 651 quennium
311 617 347 643 de
361 617 476 651 speciali
494 618 584 651 gratia
601 618 829 644 concedimus2*:
852 619 1014 645 intentionis
1032 628 1080 645 no-

139 656 214 677 strae
230 659 412 685 nequaquam
430 652 548 685 exsistit,
567 653 607 678 si3
628 653 733 679 fructus
756 653 925 686 huiusmodi,
944 653 1080 680 ecclesiae

140 691 205 711 tuae
223 685 347 712 fabricae
363 686 409 712 vel
426 687 506 712 alteri
524 687 595 719 usui,
609 696 659 713 seu
677 688 835 721 cuicunque
850 687 1001 721 singulari4
1018 697 1080 722 per-

139 728 225 746 sonae
236 720 272 746 de
282 720 398 754 speciali
409 721 623 754 consuetudine,
633 722 781 755 privilegio
792 722 837 748 vel
847 727 953 748 statuto
964 722 1081 748 forsitan

141 754 306 787 debeantur,
321 755 399 788 quod
415 755 457 781 eis
475 764 526 790 per
543 756 757 782 concessionem
774 756 875 790 ipsam,
893 757 946 782 nisi
964 757 1018 782 hoc
1035 766 1080 784 ex-

140 797 240 823 presse
254 794 386 816 caveatur
398 789 425 815 in
438 798 481 823 ea,
494 790 698 824 praeiudicium
711 791 827 825 aliquod
840 796 999 825 generetur.

546 869 618 888 CAP.
633 869 670 888 XI.

138 902 224 922 Causae
242 903 270 921 ab
289 902 414 926 apostolica
431 903 485 922 sede
503 902 539 922 vel
558 903 607 922 eius
626 903 699 927 legato
719 904 829 922 committi
849 904 932 923 debent
947 904 1079 927 dignitatem

137 928 293 947 obtinentibus
306 929 342 948 vel
358 929 516 948 canonicatum
530 929 641 948 ecclesiae
655 929 798 948 cathedralis.
828 931 873 949 Nec
884 930 976 949 tractari
991 930 1080 953 debent,

136 954 181 973 nisi
195 955 219 973 in
234 955 365 974 civitatibus
379 955 415 974 vel
434 955 490 973 locis
508 955 643 978 insignibus.
670 956 698 974 H.
710 955 731 974 d.
742 961 812 979 usque
825 955 854 974 ad
868 958 886 977 ξ.
898 956 971 978 Quum
985 961 1046 974 vero.
1059 966 1080 968 —

136 981 155 1002 §-
165 982 184 999 1.
203 981 286 999 Actora
301 982 323 999 et
337 986 375 999 reo
390 981 490 999 eiusdem
508 981 618 1000 dioecesis
633 981 801 1004 exsistentibus,
822 987 889 1000 causa
907 982 1018 1000 committi
1035 987 1081 1000 non

137 1006 204 1025 debet
214 1008 277 1025 extra
291 1006 360 1030 illam,
376 1007 421 1025 nisi
435 1007 459 1025 in
468 1012 507 1025 sex
518 1007 614 1029 casibus,
629 1007 653 1025 in
668 1007 749 1031 quibus
763 1010 839 1026 tamen
856 1013 901 1026 nou
913 1008 1012 1026 trahetur
1022 1007 1082 1026 ultra

136 1037 204 1051 unam
215 1032 320 1055 diaetam,
329 1034 356 1055 et,
368 1032 413 1051 nisi
424 1033 447 1051 in
458 1032 544 1051 duobus
554 1033 640 1051 ultimis
650 1033 738 1052 casibus
749 1033 871 1057 impetrans
881 1038 921 1057 per
931 1034 1080 1052 iuramentum

137 1058 203 1076 tidem
218 1058 298 1077 fecerit
313 1058 340 1077 de
355 1058 407 1081 illis,
428 1058 550 1082 repelletur
564 1064 577 1077 a
591 1059 672 1081 iudice,
693 1061 714 1078 et
729 1059 752 1077 in
767 1060 871 1082 expensis
887 1059 1081 1078 condemnabitur.

136 1084 186 1102 Hoc
196 1084 251 1102 dicit
261 1089 331 1107 usque
341 1084 369 1102 ad
379 1085 397 1106 §-
417 1084 491 1106 Quum
501 1086 584 1103 autem.
603 1085 746 1103 Dominicus.
756 1095 781 1098 ἡ
791 1087 838 1107 512.
849 1086 918 1103 Actor
928 1087 1007 1103 contra
1017 1091 1079 1104 reum

136 1109 239 1128 diversae
250 1110 360 1129 dioecesis
370 1109 437 1128 debet
448 1110 568 1133 impetrare
578 1110 706 1134 delegatum
716 1111 752 1129 vcl
763 1111 785 1129 in
797 1111 896 1130 dioecesi
907 1111 946 1133 rei,
956 1111 992 1129 vel
1003 1111 1026 1129 iu
1036 1111 1082 1130 alia

136 1140 183 1154 non
192 1136 290 1159 propria,
301 1141 343 1154 nec
353 1135 413 1154 ultra
422 1141 489 1154 unam
500 1136 598 1155 diaetam
608 1136 713 1155 distante.
742 1137 882 1156 Dominicus.
892 1148 916 1149 j
927 1139 945 1158 5'.
956 1138 974 1156 3.
986 1137 1081 1160 Delega-

136 1163 172 1180 tus
186 1164 250 1180 extra
264 1161 339 1180 locum
354 1162 519 1180 commissionis
535 1167 576 1180 nec
595 1164 670 1185 partes
689 1163 766 1184 citare.
782 1168 823 1181 nec
838 1168 929 1181 causam
945 1168 1080 1186 cognoscere

136 1188 210 1211 potest
224 1187 273 1206 siue
288 1192 394 1211 expresso
408 1188 505 1211 partium
521 1193 639 1210 consensu,
654 1194 695 1207 nec
706 1188 853 1212 subdelegato
868 1188 923 1207 locis
933 1189 969 1207 vel
980 1189 1081 1212 personis

135 1213 194 1235 aliiS,
209 1218 276 1236 quam
291 1213 328 1232 hic
343 1214 461 1237 expressis.
490 1214 567 1232 Ioann.
585 1214 656 1233 Andr.
666 1216 719 1236 -ξ,
733 1215 752 1233 4.
772 1215 893 1238 Delegatus
913 1214 969 1232 nihil
985 1214 1052 1233 debet
1069 1220 1082 1232 a

135 1239 236 1262 partibus
255 1239 362 1263 recipere.
382 1239 426 1258 uisi
445 1240 584 1258 esculentum
604 1242 627 1259 et
646 1240 790 1263 poculentum
805 1240 877 1259 libere
895 1240 1001 1263 oblatum,
1021 1240 1081 1264 quod

136 1265 213 1288 paucis
223 1265 294 1288 possit
305 1266 407 1284 consumi
417 1265 503 1288 diebus.
511 1265 547 1284 vel
557 1265 684 1285 moderatas
695 1272 811 1289 expensas,
819 1267 837 1284 si
848 1271 893 1284 non
904 1267 955 1284 sunt
964 1271 1079 1290 pauperes„

135 1290 225 1314 quando
239 1296 279 1314 pro
294 1291 429 1310 necessitato
444 1291 480 1310 vel
492 1291 596 1315 utilitate,
611 1297 656 1310 uon
672 1292 791 1312 malitiose.
808 1294 872 1311 extra
882 1292 1022 1310 domicilium
1033 1297 1081 1315 per-

134 1318 205 1340 geret.
220 1317 442 1339 Dominicus.—5.5.
452 1317 583 1341 Delegatus,
594 1318 638 1336 nisi
648 1318 755 1341 indigent,
766 1324 811 1336 uon
823 1320 922 1336 assumat
932 1323 1080 1340 assessorem;

135 1342 192 1361 alias
202 1343 230 1361 de
240 1348 280 1361 suo
292 1343 325 1361 illi
335 1343 459 1366 provideat.
487 1343 511 1362 Si
522 1345 578 1367 eget,
594 1349 640 1362 uon
655 1346 782 1367 suspectum
797 1344 898 1367 partibus
914 1346 1019 1366 assumet,
1030 1349 1081 1362 cum

136 1368 252 1387 moderato
263 1369 345 1387 salario
357 1374 370 1387 a
379 1369 480 1392 partibus
495 1369 611 1388 solvendo.
622 1380 646 1383 —
656 1371 704 1391 5213.
716 1369 837 1392 Delegatus
852 1372 929 1388 taxare
944 1369 1011 1388 debet
1025 1370 1081 1388 sala-

136 1394 194 1413 rium
204 1395 351 1416 notariorum.
359 1400 400 1414 nec
411 1395 545 1418 participare
552 1395 619 1414 debet
630 1401 679 1414 cum
690 1396 744 1419 ipsis
750 1395 786 1414 vel
797 1396 947 1414 assessoribus
958 1396 980 1414 in
991 1395 1081 1414 salario.

136 1420 202 1439 Dom.
221 1431 246 1434 —-
264 1422 282 1442 ξ.
298 1421 316 1439 7.
340 1421 470 1444 Delegatus,
490 1421 602 1444 recipiens
621 1421 706 1445 aliquid
725 1423 804 1440 contra
822 1421 997 1444 prohibitionem
1016 1421 1081 1440 huius

137 1445 236 1470 capituli.
251 1448 341 1465 tenetur
351 1447 477 1470 restituere,
491 1452 538 1465 nou
548 1447 651 1465 obstante
662 1447 737 1466 dantis
752 1447 893 1466 remissione.
920 1447 999 1466 Ioann.
1010 1447 1080 1466 Andr.

135 1481 159 1485 —
170 1474 189 1494 §-
200 1473 219 1491 S.
228 1472 352 1496 Delegatus
366 1478 413 1491 non
427 1473 494 1491 (lebet
511 1478 593 1491 vocare
603 1475 678 1496 testes,
694 1473 737 1491 nisi
747 1475 806 1491 statu
817 1478 897 1492 causae
908 1473 1044 1496 requirente,
1060 1475 1082 1491 et

135 1498 262 1521 producens
281 1498 326 1517 illis
345 1498 504 1517 administrare
523 1498 590 1517 debet
609 1504 718 1522 expensas
738 1499 760 1517 in
775 1499 895 1522 veniendo,
914 1499 995 1517 stando
1010 1500 1032 1517 et
1049 1504 1082 1517 re-

136 1523 234 1543 daumio.
260 1525 403 1544 Dominicus.
418 1535 444 1538 μ
457 1526 475 1546 5.
486 1525 505 1544 9.
520 1526 590 1543 Gesta
600 1526 679 1543 contra
693 1525 751 1543 hane
761 1525 897 1544 decretalem
908 1527 960 1544 sunt
974 1525 1021 1548 ipso
1033 1525 1081 1544 iure

423 1550 492 1569 nulla.
521 1551 549 1569 II.
560 1550 580 1569 d.
592 1552 613 1569 et
624 1556 669 1569 non
679 1550 794 1570 dividitur.

559 1597 661 1623 Iden„

204 1640 360 1672 statutum,
385 1640 462 1674 quod
487 1640 561 1666 circa
586 1640 692 1666 iudices
718 1649 734 1666 a
759 1640 829 1666 sede
853 1640 1010 1674 apostolica
1032 1639 1079 1665 de-

137 1675 278 1708 putandos
292 1683 382 1708 nuper
399 1675 539 1701 edidimus
547 1680 569 1707 ³,
592 1684 678 1709 quum
692 1674 833 1708 quaedam
847 1679 981 1701 contenta
993 1675 1020 1699 in
1034 1682 1078 1706 eo,

137 1717 210 1743 quae
227 1718 278 1743 pro
296 1709 437 1735 communi
455 1709 575 1736 utilitate
592 1709 780 1735 credebantur
797 1709 921 1742 inducta,
944 1709 1015 1735 sicut
1033 1717 1078 1734 ex-

135 1743 275 1778 perientia
289 1744 393 1776 docuit,
408 1743 526 1770 tendere
540 1744 740 1777 dignoscantur
753 1743 790 1769 ad
802 1752 914 1775 noxam,
933 1743 1078 1769 sanctione

135 1779 289 1812 praesenti,
309 1787 394 1812 quam
412 1778 642 1812 irrefragabiliter
659 1778 804 1804 observari
821 1778 997 1810 mandamus,
1015 1786 1077 1803 sua-

137 1812 222 1839 dente
235 1813 354 1839 utilitate
367 1813 395 1838 in
407 1813 508 1838 melius
522 1813 652 1839 duximus
666 1813 886 1839 reformandum.
931 1812 1076 1838 Sancimus

135 1847 229 1880 igitur,
254 1852 284 1873 ut
304 1847 396 1879 nullis,
419 1847 471 1872 nisi
494 1847 632 1881 dignitate
654 1847 800 1881 praeditis,
825 1852 873 1873 aut
894 1852 1077 1881 personatum

137 1882 330 1908 obtinentibus
344 1890 394 1908 seu
405 1882 587 1908 ecclesiarum
597 1882 801 1908 cathedralium
811 1882 961 1914 canonicis,
975 1890 1077 1907 causae

135 1916 304 1942 auctoritate
320 1916 464 1942 literarum
482 1916 558 1942 seclis
575 1916 749 1951 apostolicae
766 1917 811 1943 vel
828 1917 986 1950 legatorum
1004 1916 1077 1941 eius-

136 1950 203 1976 dem
216 1950 252 1976 de
267 1955 362 1977 cetero
380 1951 599 1983 committantur,
617 1959 669 1977 nec
686 1951 836 1977 audiantur
852 1951 927 1983 alibi,
947 1959 1031 1984 quam
1049 1951 1077 1975 in

137 1985 296 2011 civitatibus
317 1985 363 2011 vel
379 1985 449 2011 locis
467 1985 632 2019 insignibus,
654 1985 702 2012 ubi
719 1986 811 2020 possit
828 1985 978 2011 commode
995 1985 1077 2019 copia

135 2020 289 2054 peritorum
302 2020 410 2046 haberi.
446 2019 467 2054 ξ.
484 2028 505 2046 1.
531 2020 624 2053 Quum
640 2028 708 2046 vero
725 2020 855 2046 ciusdem
871 2019 992 2045 civitatis
1009 2020 1077 2045 seul

137 2054 276 2080 dioecesis
290 2054 393 2080 fuerint
410 2059 489 2080 actor
501 2059 530 2080 et
548 2063 622 2087 reus,
640 2059 718 2081 extra
736 2055 812 2088 ipsas
830 2063 915 2080 causa
928 2062 984 2080 non
1002 2062 1077 2079 com-

135 2089 271 2121 mittatur,
283 2097 336 2115 nec
349 2089 531 2115 conveniatur
541 2089 641 2123 aliquis
655 2089 819 2121 eorundem,
830 2089 883 2114 nisi
893 2089 928 2114 ab
939 2088 1074 2122 episcopo

136 2128 234 2149 contra
246 2123 370 2157 aliquem
388 2123 424 2149 de
443 2132 493 2149 sua
511 2123 645 2156 dioecesi,
662 2124 706 2150 vel
724 2124 760 2149 ab
778 2124 874 2157 aliquo
892 2128 989 2148 contra
1002 2131 1076 2155 eum,

135 2163 184 2183 aut
197 2162 294 2184 contra
307 2158 368 2183 eius
382 2158 543 2192 capitulum,
557 2167 607 2184 seu
618 2164 715 2184 contra
724 2158 935 2184 universitatem
946 2157 1076 2189 civitatis,

135 2193 219 2218 villae
232 2197 281 2218 aut
295 2192 378 2218 castri
392 2192 475 2218 fuerit
485 2193 558 2218 actio
570 2192 726 2226 dirigenda,
739 2193 785 2218 vel
794 2192 847 2218 nisi
857 2197 943 2224 actor,
957 2192 1077 2218 eandem

135 2227 277 2253 civitatem
291 2235 340 2253 seu
355 2227 510 2253 dioecesim
524 2227 627 2253 intrare
644 2235 702 2253 non
719 2227 836 2259 audens,
853 2232 902 2252 aut
919 2226 961 2252 sui
979 2226 1076 2252 adver-

135 2262 199 2287 sarii
228 2262 384 2296 potentiam
412 2262 513 2287 merito
542 2262 773 2296 perhorrescens,
807 2270 872 2287 eum
901 2261 972 2286 infra
1000 2261 1075 2294 ipsas

136 2300 261 2330 nequeat
285 2296 436 2322 convenire
461 2304 567 2322 secure.
612 2297 643 2322 In
667 2296 710 2321 his
732 2296 838 2330 quippe
862 2295 974 2321 casibus
999 2300 1077 2321 extra

138 2330 228 2356 dictas
242 2331 384 2356 civitatem
398 2336 426 2356 et
439 2330 594 2357 dioecesim
607 2331 697 2364 possit
710 2335 807 2356 contra
820 2330 981 2364 praedictos
992 2338 1078 2355 causa

136 2365 286 2395 committi;
309 2365 400 2390 nullus
419 2369 513 2391 tamen
534 2373 632 2391 eorum
654 2365 726 2390 ultra
748 2373 832 2390 unam
849 2364 972 2390 diaetam
989 2373 1006 2389 a
1022 2364 1077 2390 fine

136 2408 204 2425 suae
218 2400 358 2426 dioecesis
372 2400 464 2426 valeat
482 2400 632 2425 conveniri.
669 2399 726 2425 Sed
745 2399 790 2425 et2
802 2399 830 2424 in
844 2399 954 2424 duobus
972 2398 1076 2424 ultimis

135 2435 256 2467 casibus,
282 2434 334 2460 nisi
360 2434 514 2468 impetrans
540 2434 576 2460 de
601 2434 779 2468 praedicto*
804 2434 914 2465 timore,
940 2441 1024 2467 quem
1049 2433 1077 2458 in

135 2469 223 2494 literis
249 2468 494 2494 commissionibus
520 2469 677 2502 exprimere
702 2473 844 2500 teneatur,
874 2468 966 2502 primo
991 2467 1076 2493 fidem

135 2503 219 2529 iudici
240 2503 324 2529 faciat
341 2503 442 2529 saltem
460 2512 511 2537 per
530 2503 675 2537 proprium
696 2503 892 2533 iuramentum,
915 2502 998 2528 iudex
1016 2502 1076 2535 ipse

135 2538 293 2564 nullatenus
308 2538 335 2563 in
352 2546 436 2563 causa
450 2537 594 2571 procedat,
612 2537 663 2563 sed
680 2542 775 2571 partes
788 2546 805 2562 a
818 2546 868 2563 sua
885 2536 1076 2562 iurisdictione

136 2573 289 2605 dimittens,
307 2573 507 2606 impetrantem
521 2572 644 2598 eundem
657 2572 685 2597 in
702 2572 832 2606 expensis
851 2571 983 2605 legitimis
997 2571 1076 2596 alteri

135 2607 207 2640 parti
221 2607 400 2633 condemnet.
436 2606 458 2641 ξ.
473 2614 496 2632 2.
523 2607 616 2640 Quum
629 2611 724 2632 autem
737 2606 849 2632 act0r4‘
862 2611 890 2632 et
904 2614 968 2631 reus
982 2605 1076 2631 civita-

136 2646 196 2667 tum
209 2646 238 2668 et
251 2641 415 2667 dioecesum
428 2641 530 2667 fuerint
545 2641 728 2673 diversarum,
743 2641 765 2666 si
779 2645 857 2666 actor
870 2641 898 2665 in
911 2640 1022 2666 civitate
1031 2640 1077 2666 vel

136 2676 261 2702 dioecesi
274 2676 313 2702 rei
332 2676 453 2702 iudicem
469 2676 576 2702 habere
589 2680 708 2707 recuset,
727 2675 819 2709 ipsum
836 2675 933 2700 nonin
946 2683 1007 2707 sua,
1025 2674 1076 2700 sed

138 2710 166 2736 in
178 2711 250 2736 alia5
263 2711 374 2736 civitate
392 2710 438 2736 vel
455 2710 579 2736 dioecesi
597 2710 684 2736 libere
703 2710 854 2743 impetrare
867 2709 968 2741 valeat,
985 2717 1076 2735 reum—

136 2753 192 2778 que
214 2745 326 2771 trahere
347 2745 384 2771 ad
404 2745 537 2775 eandenu
564 2744 717 2770 dummodo
739 2745 827 2776 locus,
849 2743 886 2769 ad
906 2751 990 2777 quem
1011 2752 1076 2769 eum

137 2780 260 2813 traxerit,
274 2780 346 2806 ultra
358 2788 442 2806 unam
456 2779 588 2812 diaetam,
606 2779 678 2805 sicut
690 2778 719 2804 in
732 2787 799 2805 casu
811 2778 866 2804 alio
879 2778 1077 2812 praemittitur,

204 2885 264 2909 Tit.
281 2886 332 2910 III.
372 2886 442 2917 Cap.
459 2885 507 2909 XI.
547 2883 571 2915 a)
590 2883 710 2916 Loquitur
722 2883 753 2908 de
774 2883 890 2908 decretali
908 2891 951 2907 sua
967 2888 1077 2908 extrava-

139 2919 215 2950 ganti,
231 2928 295 2952 quae
307 2920 453 2952 incipiebat:
471 2920 645 2944 statuimus.
662 2933 695 2936 —
706 2916 740 2949 cf.
755 2926 776 2943 c.
787 2923 824 2950 15.
839 2917 873 2951 (1,
886 2917 937 2951 14.)
950 2918 1077 2944 Reformat

189 3022 242 3041 Tit.
256 3023 296 3042 m.
324 3023 386 3047 Cap.
401 3023 428 3042 X.
461 3022 481 3047 1)
491 3023 572 3047 possit:
587 3022 620 3042 ΑΗ
685 3021 706 3046 2)
717 3022 880 3041 concedamus:
894 3021 960 3042 ABGG
1025 3022 1046 3047 3)
1056 3024 1080 3043 ut

139 3047 170 3066 si:
184 3047 239 3067 ΔΒΗ
291 3048 312 3073 4)
323 3049 388 3068 alteri
399 3050 469 3073 sing.:
483 3048 507 3068 A.

190 3074 251 3098 Cap.
265 3075 305 3094 XI.
333 3075 354 3099 1)
363 3075 412 3094 vel:
426 3075 460 3094 Ac
505 3074 526 3099 2)
537 3076 570 3094 et:
586 3074 653 3093 deest:
667 3073 718 3093 Bel)
766 3074 787 3098 3)
798 3073 871 3093 dicto:
885 3073 933 3093 ACG
976 3072 998 3097 ⁴1)
1008 3073 1079 3093 idem:

138 3100 194 3119 ach:
208 3099 275 3120 ACDG
313 3100 334 3125 5)
344 3101 430 3122 aliena:
445 3100 462 3120 A
501 3102 522 3126 ὓ)
532 3101 579 3121 vel:
594 3099 644 3120 ΑΘΕ
681 3100 700 3124 ἲ)
711 3100 841 3125 quicquam:
855 3099 905 3119 Abu
944 3099 965 3124 5)
976 3102 1049 3124 regat:
1063 3100 1079 3119 A

552 250 660 277 SEXTI
678 248 889 278 DECRETAL.
908 249 974 278 LIB.
994 250 1013 278 1.
1032 251 1101 279 TIT.

1121 252 1164 280 111.
1183 253 1235 280 DE
1253 252 1467 282 RESCRIPTIS
1487 262 1510 282 c.
1534 262 1642 283 10—12.
2005 254 2056 283 94⁶2

1114 330 1227 359 minime
1244 332 1281 359 sit
1303 338 1437 360 remotus.
1473 333 1495 369 ξ.
1509 341 1534 368 3.
1559 335 1589 360 In
1606 335 1682 361 nullo
1701 342 1814 369 quoque
1835 342 1951 361 casuum
1972 342 2052 369 prae-

1116 367 1254 393 dictorum
1271 368 1355 394 iudex
1376 374 1455 395 extra
1477 369 1618 395 civitatem
1637 369 1703 396 seu(5
1720 370 1882 402 dioecesim,
1904 370 1932 395 in
1951 369 2052 403 quibus

1116 401 1267 436 deputatus
1285 402 1376 435 fuerit,
1395 404 1462 430 citet
1478 409 1583 438 partes,
1606 412 1657 430 nec
1675 404 1712 430 de
1729 413 1814 430 causa
1832 404 1885 430 sibi
1903 403 2054 430 commissa

1116 441 1277 469 cognoscat,
1296 438 1347 463 nisi
1361 438 1398 463 ad
1411 438 1439 463 id
1454 446 1603 471 expressus
1621 439 1775 465 accesserit
1791 438 1945 464 earundem
1957 446 2054 464 assen-

1116 479 1176 501 sus;
1202 479 1293 504 neque
1318 472 1394 504 alibi,
1419 481 1504 506 quam
1528 473 1599 498 infra
1623 473 1693 505 illas,
1719 478 1746 499 et
1768 473 1896 507 personis
1919 473 2054 498 duntaxat

1116 505 1272 538 designatis
1297 507 1425 540 superius
1453 507 1609 533 committat
1634 507 1848 541 quomodolibet
1875 507 1952 533 vices
1977 515 2053 533 suas.

1115 538 1137 573 ξ.
1148 549 1172 571 4.
1192 541 1316 574 Insuper,
1330 546 1359 566 ut
1373 541 1460 574 gratis
1473 546 1502 567 et
1516 550 1579 567 cum
1592 542 1667 567 omni
1680 542 1801 576 puritate
1814 542 1947 567 iudicium
1960 550 2054 567 coram

1117 575 1178 608 ipso
1203 575 1351 608 procedat,
1375 576 1481 601 nullum
1505 584 1606 602 munus
1631 576 1676 602 vel
1701 576 1868 610 quicquidf*
1889 576 1979 608 aliud,
2000 576 2053 601 nisi

1116 608 1210 634 forsan
1228 609 1403 635 esculentum
1425 610 1469 636 vel
1491 611 1672 644 poculentum
1689 619 1766 636 mera
1788 610 1956 637 liberalitate
1978 610 2054 636 obla-

1117 647 1185 675 tum,
1209 643 1285 677 quod
1308 644 1403 676 paucis
1425 645 1551 670 consumi
1574 645 1663 678 possit
1685 645 1795 677 diebus,
1817 645 1861 671 vel
1882 645 1944 677 nisi,
1967 653 2054 678 quum

1116 678 1208 711 ipsum
1237 683 1352 711 propter
1378 687 1491 704 causam
1516 679 1570 704 sibi
1596 679 1776 705 commissam
1801 679 1951 713 contigerit
1976 683 2055 705 extra

1116 720 1198 737 suum
1220 712 1392 738 domicilium
1414 713 1563 747 proficisci,
1585 713 1745 739 moderatas
1767 722 1906 748 expensas
1928 715 2054 747 recipere

1116 747 1152 772 ab
1169 746 1279 772 eisdem
1296 747 1422 780 partibus
1445 748 1676 781 qualitercunque
1698 753 1868 781 praesumat,
1891 748 2054 782 provisurus

1116 785 1232 813 attente,
1247 781 1324 814 quod
1337 782 1364 807 in
1378 782 1445 815 ipsis
1459 782 1589 816 expensis
1602 782 1717 808 modum
1732 791 1912 816 nequaquam
1925 782 2053 814 excedat,

1116 823 1168 841 nec
1181 815 1242 849 plus
1257 815 1292 841 ab
1306 824 1360 841 una
1378 821 1457 850 parte
1471 825 1555 850 quam
1568 816 1604 842 ab
1617 816 1671 842 alia
1684 817 1786 850 exigat,
1806 826 1893 850 quum
1905 824 2054 843 commune

1116 850 1213 883 gerat&
1226 850 1370 883 negotium
1387 850 1545 884 utriusque;
1565 850 1709 885 quodque,
1726 851 1773 876 ubi
1791 859 1893 877 causae
1910 851 1963 877 sibi
1981 859 2055 877 com-

1116 884 1220 910 missae
1245 884 1350 910 utilitas
1375 885 1420 911 vel
1449 885 1604 911 necessitas
1629 894 1685 911 non
1710 886 1847 919 exegerit,
1877 886 2055 911 occasionem

1117 924 1234 952 propter
1250 919 1397 945 habendas
1415 927 1554 953 expensas
1572 919 1769 954 proficiscendi
1788 925 1866 946 extra
1884 920 2055 946 domicilium

1117 961 1173 978 non
1201 958 1340 984 assumat;
1370 954 1423 979 sed
1451 958 1493 986 et,
1522 954 1569 980 ubi
1594 954 1756 980 notabiliter
1784 954 1885 980 fuerint
1914 962 2054 989 pauperes

1117 987 1268 1021 litigantes,
1287 988 1373 1013 etiam
1386 996 1437 1022 pro
1451 989 1581 1022 expensis
1596 989 1633 1014 nil
1650 997 1765 1022 prorsus
1778 989 1871 1022 exigat
1888 989 1924 1014 ab
1937 989 2054 1015 eisdem.

1116 1021 1138 1055 ξ.
1150 1030 1173 1054 5.
1192 1023 1378 1048 Assessorem
1391 1027 1495 1055 autem,
1509 1027 1538 1048 ut
1548 1023 1720 1057 quandoque
1733 1023 1837 1048 faciunt
1847 1023 1933 1057 aliqui
1944 1023 2056 1049 fraudu-

1117 1057 1215 1089 lenter,
1232 1056 1286 1082 nisi
1299 1065 1334 1082 eo
1348 1057 1482 1090 indigeat,
1496 1058 1573 1090 quod
1590 1058 1780 1083 conscientiae
1797 1058 1970 1091 relinquatur
1983 1058 2054 1084 eius-

1117 1091 1191 1122 dem,
1215 1091 1268 1116 sibi
1291 1099 1470 1125 nequaquam
1492 1091 1641 1125 adiungat3
1663 1092 1787 1125 alioquin
1809 1092 1845 1118 de
1867 1100 1918 1118 suo
1940 1092 2055 1126 proprio

1116 1125 1265 1159 providere
1280 1130 1408 1151 teneatur
1421 1125 1523 1151 eidem.
1551 1126 1580 1152 Si
1593 1132 1688 1152 autem
1702 1126 1839 1159 indigeat:
1858 1127 1951 1160 ipsum
1964 1127 2054 1152 neutri

1116 1160 1188 1193 parti
1202 1164 1365 1193 suspectum
1378 1168 1534 1193 assumens,
1548 1161 1573 1186 ei
1585 1161 1620 1186 de
1632 1161 1804 1195 competenti
1814 1161 1924 1193 salario,
1937 1161 2055 1195 provide

1116 1194 1290 1220 moderando
1304 1195 1340 1220 ab
1358 1203 1402 1227 eo,
1420 1195 1503 1220 faciat
1523 1204 1540 1220 a
1556 1195 1684 1229 partibus
1703 1195 1887 1221 communiter
1904 1195 2056 1229 provideri.

1115 1227 1136 1262 ξ.
1150 1231 1174 1254 6.
1200 1228 1346 1254 Notarium
1363 1237 1430 1255 vero
1452 1229 1497 1255 vel
1519 1230 1652 1262 notarios,
1674 1229 1702 1255 in
1724 1238 1810 1255 causa
1831 1230 1884 1255 sibi
1906 1230 2056 1255 commissa

1116 1263 1286 1295 scribentes,
1316 1263 1364 1296 qui
1389 1267 1418 1288 ut
1443 1263 1593 1297 plurimum
1619 1265 1646 1290 in
1671 1264 1811 1297 exigendo
1837 1264 1936 1290 salario
1964 1269 2055 1290 metas

1116 1297 1231 1323 rationis
1249 1298 1396 1330 excedunt,
1415 1303 1444 1323 ut
1461 1298 1498 1324 ad
1516 1298 1602 1332 ipsius
1621 1303 1731 1333 spectat
1749 1298 1882 1331 officium,
1904 1299 2057 1332 prudenter

1116 1331 1247 1364 refrenet,
1265 1340 1317 1357 nec
1336 1340 1399 1358 cum
1417 1332 1486 1366 ipsis
1503 1338 1551 1358 aut
1569 1341 1632 1359 cum
1649 1341 1794 1359 assessore
1807 1333 1935 1367 praefato
1950 1333 2056 1359 lucrum

1116 1366 1265 1399 participet
1278 1366 1334 1392 ullo
1348 1367 1443 1392 modo.
1466 1366 1488 1401 ξ.
1499 1376 1522 1400 7.
1543 1367 1571 1393 Si
1583 1367 1652 1401 quid
1665 1373 1759 1393 autem
1773 1372 1870 1393 contra
1883 1367 2055 1393 constitutio-

1116 1409 1180 1426 nem
1192 1405 1372 1434 praesentem
1386 1402 1533 1435 receperit,
1546 1402 1583 1427 ad
1596 1402 1684 1436 ipsius
1697 1402 1904 1428 restitutionem
1917 1402 2055 1436 integram

1116 1439 1257 1467 teneatur,
1282 1435 1358 1461 nulla
1381 1444 1493 1468 eorum,
1519 1437 1620 1470 quibus
1645 1437 1785 1462 restitutio
1810 1436 1939 1462 facienda
1963 1437 2056 1468 fuerit,

1116 1469 1282 1495 remissione
1304 1470 1442 1496 ullatenus
1464 1471 1610 1504 profutura
1632 1471 1734 1497 eidem.
1771 1470 1792 1505 ξ.
1809 1474 1833 1497 8.
1863 1472 1915 1496 Pro
1937 1471 2055 1497 ferendo

1117 1512 1231 1537 quoque
1244 1504 1416 1537 testimonio,
1430 1510 1576 1538 praetextu
1589 1505 1667 1531 cuius
1680 1506 1766 1539 aliqui
1779 1505 1850 1531 alios
1865 1505 2056 1532 fraudulenter

1116 1538 1257 1564 interdum
1275 1547 1291 1564 a
1308 1539 1446 1565 iudicibus
1465 1541 1559 1565 vocari
1576 1545 1736 1574 procurant,
1753 1544 1783 1565 ut
1801 1549 1850 1566 eos
1868 1540 2012 1566 laboribus
2026 1545 2055 1565 et

1116 1573 1247 1606 expensis
1258 1573 1386 1607 fatigent,
1399 1578 1447 1600 aut
1457 1579 1643 1608 extorqueant
1653 1574 1761 1608 aliquid
1771 1575 1806 1600 ab
1817 1574 1935 1607 eisdem,
1948 1575 2055 1600 nullum

1116 1607 1255 1633 ullatenus
1273 1613 1419 1641 convocet,
1437 1608 1490 1634 nisi
1508 1609 1622 1643 quando
1642 1609 1766 1635 conditio
1785 1610 1830 1635 etv
1846 1613 1936 1635 status
1954 1617 2055 1635 causae

1115 1642 1296 1675 requirentffl.
1333 1643 1390 1668 Sed
1403 1651 1455 1669 nec
1468 1648 1542 1676 tunc,
1559 1644 1612 1669 nisi
1625 1652 1642 1669 a
1654 1643 1838 1677 producente,
1860 1648 2054 1677 competentes

1114 1682 1214 1702 vocato
1228 1685 1279 1710 pro
1293 1677 1454 1703 testimonio
1467 1678 1618 1710 veniendo,
1638 1678 1749 1710 stando,
1767 1682 1795 1704 et
1812 1678 1957 1704 redeundo
1971 1678 2055 1704 faciat

1113 1711 1264 1737 ministrari
1286 1720 1434 1745 expensas.
1479 1712 1501 1746 ξ.
1520 1721 1544 1745 9.
1579 1713 1720 1746 Quicquid
1741 1718 1836 1739 autem
1858 1718 1954 1738 contra
1975 1720 2055 1747 prae-

1113 1745 1199 1784 missa
1216 1746 1261 1771 vel
1276 1754 1381 1784 ‘eorum
1398 1747 1513 1780 aliquod
1530 1747 1679 1781 contigerit
1696 1748 1837 1780 attentari,
1860 1748 1895 1773 sit
1913 1747 1975 1781 ipso
1994 1747 2054 1773 iure

1113 1785 1220 1806 irritum
1234 1785 1262 1806 et
1275 1789 1366 1807 inane.

1516 1835 1533 1854 C
1540 1835 1591 1854 ΑΡ.
1606 1835 1655 1853 xn.

1112 1867 1165 1886 Sola
1179 1870 1301 1891 praeventa
1314 1869 1465 1892 praesentatio
1476 1870 1497 1888 et
1512 1870 1610 1893 receptio
1621 1870 1644 1888 in
1654 1869 1788 1888 canonicum
1804 1869 1897 1888 secundi
1912 1869 2053 1893 impetrantis

1111 1894 1135 1911 in
1146 1894 1240 1912 eandem
1251 1894 1408 1917 ecclesia,non
1419 1895 1519 1914 excludit
1528 1896 1625 1919 primum
1636 1895 1794 1919 impetrantem
1804 1901 1817 1914 a
1827 1895 2055 1919 praebendavacante

1111 1921 1212 1942 tempore
1226 1925 1279 1938 suae
1294 1921 1437 1944 receptionis,
1457 1921 1493 1940 vel
1506 1923 1557 1944 post
1570 1926 1583 1940 a
1596 1924 1692 1940 vacante
1706 1923 1758 1940 ante
1777 1927 1838 1940 suam
1854 1922 2005 1945 receptionem
2019 1921 2055 1940 vel

1111 1946 1329 1969 praesentationem
1345 1948 1367 1965 et
1384 1947 1433 1971 hoc,
1449 1947 1468 1965 si
1477 1952 1517 1970 per
1526 1952 1655 1970 processum
1666 1948 1804 1966 exsecutoris
1813 1947 1849 1966 vel
1860 1947 2054 1970 interpositionem

1111 1971 1197 1990 decreti
1210 1977 1251 1995 pro
1265 1972 1338 1996 primo
1354 1973 1488 1996 impetrante
1502 1973 1584 1992 affecta
1598 1973 1721 1994 exstiterat.
1742 1973 1785 1992 uisi
1799 1973 1852 1992 <1010
1866 1973 1902 1993 vel
1918 1973 2055 1998 negligentia

1316 1998 1474 2018 excluderetur
1484 1999 1511 2018 ab
1523 1999 1608 2018 eadem.
1636 1999 1664 2018 H.
1675 1999 1696 2018 d.
1707 1999 1848 2019 Dominicus.

1530 2049 1630 2075 Idem.

1180 2090 1254 2123 Tibi,
1277 2091 1324 2125 qui
1346 2091 1465 2125 gratiam
1486 2092 1515 2118 in
1532 2092 1705 2119 Biturensil*
1723 2093 1843 2119 ecclesia
1864 2092 2020 2127 impetrasti
2037 2101 2054 2118 a

1111 2125 1203 2157 nobis,
1217 2130 1294 2151 certo
1307 2131 1474 2153 exsecutore
1487 2135 1633 2160 COnCeSSO,
1647 2127 1694 2161 qui
1708 2132 1736 2153 te
1749 2127 1776 2153 in
1790 2127 1953 2153 canonicum
1966 2127 2052 2161 recipi

1112 2159 1227 2191 faceret,
1246 2165 1274 2186 et
1288 2160 1323 2186 de
1340 2161 1505 2194 praebenda
1519 2161 1578 2193 tibi,
1597 2162 1620 2187 si
1636 2170 1692 2195 qua
1706 2162 1734 2187 in
1744 2162 1844 2188 eadem
1854 2162 1974 2188 ecclesia
1989 2167 2052 2187 tunc

1112 2193 1240 2231 vacabat,
1262 2194 1387 2228 alioquin
1409 2195 1445 2222 de
1462 2201 1595 2222 vacatura
1616 2197 1760 2230 proxime2
1777 2196 1948 2230 provideret,
1973 2196 2052 2227 aliuS,

1113 2228 1231 2254 Similem
1261 2230 1382 2262 gratiam
1412 2235 1477 2264 post
1503 2235 1580 2256 tuam
1609 2230 1836 2264 impetrationem
1867 2231 1996 2256 obtinens
2025 2231 2053 2256 in

1113 2262 1223 2294 eadem,
1237 2263 1302 2289 licet
1315 2264 1391 2297 prius
1405 2273 1491 2298 quam
1504 2270 1532 2290 tu
1547 2273 1612 2290 suas
1626 2265 1721 2291 literas
1734 2265 1964 2300 praesentaverit,
1983 2269 2011 2291 et
2024 2265 2051 2290 in

1112 2297 1277 2323 canonicum
1302 2298 1338 2324 sit
1359 2304 1504 2333 receptus,
1529 2299 1557 2325 in
1582 2300 1745 2333 praebenda
1769 2305 1898 2334 tempore
1923 2305 1987 2325 tuae
2011 2307 2052 2325 re-

1112 2331 1258 2364 ceptionis,
1276 2333 1320 2358 vel
1338 2333 1424 2359 etiam
1441 2339 1506 2367 post
1523 2339 1650 2367 vacante,
1667 2343 1701 2360 ex
1721 2343 1776 2368 quo
1795 2334 1874 2361 alteri
1893 2339 1958 2360 ante
1976 2338 2053 2359 tuam

1112 2366 1303 2405 receptionem
1317 2367 1419 2393 collata
1431 2377 1488 2394 non
1501 2369 1616 2401 exstitit,
1629 2369 1763 2395 anteferri
1776 2377 1831 2395 non
1842 2369 1938 2395 debet.
1974 2368 2052 2394 Idem

1112 2408 1235 2434 quoque,
1254 2410 1277 2427 Sl
1290 2406 1356 2428 ante
1369 2403 1560 2436 receptionem
1578 2408 1655 2429 tuam
1668 2404 1696 2429 in
1714 2404 1879 2429 canonicum
1896 2403 2052 2428 vacavisset

1113 2435 1275 2468 praebenda
1289 2445 1340 2470 per
1357 2445 1522 2470 processum
1535 2438 1575 2463 tui
1593 2439 1775 2470 exsecutoris,
1794 2438 1840 2471 qui
1857 2438 1893 2470 ei,
1911 2437 1948 2462 ad
1967 2445 2051 2470 quem

1112 2469 1293 2502 praebendae
1318 2471 1430 2497 collatio
1455 2472 1628 2506 pertinebat,
1656 2473 1862 2504 notificaverat,
1887 2471 1964 2505 quod
1988 2479 2051 2497 eam

1111 2504 1225 2529 volebat
1236 2513 1286 2538 per
1296 2505 1457 2532 huiusmodi
1469 2511 1641 2540 potestatem
1652 2507 1789 2539 conferre,
1803 2511 1850 2532 aut
1862 2506 2051 2537 interdixerat,

1111 2546 1147 2564 ne
1160 2538 1300 2566 conferret
1314 2541 1443 2573 eandem,
1457 2549 1507 2567 seu
1521 2541 1596 2567 illam
1610 2550 1678 2568 suae
1691 2546 1883 2567 reservaverat
1900 2540 2051 2571 collationi,

1112 2573 1278 2606 praesertim
1301 2583 1364 2600 cum
1382 2575 1596 2609 interpositione
1614 2576 1720 2602 decreti
1738 2575 1868 2605 affecta³;
1891 2580 1955 2600 tunc
1978 2574 2052 2600 enim

1112 2607 1161 2632 tibi
1187 2612 1216 2645 et
1240 2616 1297 2634 non
1321 2609 1401 2635 alteri
1427 2610 1513 2636 debet
1538 2610 1700 2644 praebenda
1722 2609 1881 2635 huiusmodi
1903 2608 2051 2642 assignari.

1112 2642 1271 2674 Quinimmo
1294 2644 1318 2669 si
1339 2648 1404 2670 ante
1425 2645 1617 2678 receptionem
1637 2650 1666 2670 ct
1687 2643 1944 2678 praesentationem
1965 2643 2052 2669 etiam

1111 2680 1188 2702 tuam
1212 2678 1377 2711 praebenda
1400 2679 1553 2712 vacavit4*,
1582 2679 1659 2705 idem
1683 2679 1734 2704 erit
1759 2677 1945 2710 censendum,
1974 2677 1997 2702 si
2023 2677 2050 2702 in

1111 2710 1272 2738 huiusmodi
1290 2713 1382 2746 gratia
1395 2713 1445 2739 tibi
1458 2713 1532 2739 facta
1551 2713 1695 2740 decretum
1708 2722 1724 2738 a
1736 2712 1818 2738 nobis
1836 2711 1927 2737 suerat
1945 2712 2051 2737 irritum

1111 2749 1139 2771 et
1153 2745 1235 2772 inane
1249 2747 1326 2780 quod
1339 2752 1437 2773 contra
1449 2748 1540 2782 ipsam
1553 2747 1745 2781 contingeret⁵
1757 2747 1898 2772 attentari.
1928 2747 1958 2772 ln
1971 2754 2051 2780 prae-

1111 2779 1193 2806 dictis
1207 2780 1302 2815 itaque
1316 2782 1428 2809 casibus
1443 2782 1532 2809 debes
1546 2787 1574 2808 tu
1592 2781 1784 2816 praebendam
1797 2785 1945 2807 vacantem
1957 2780 2051 2814 potius

1113 2885 1187 2910 etiam
1205 2886 1361 2911 Decretalcm
1376 2887 1461 2911 Inuoc.
1477 2887 1522 2911 IV.
1537 2895 1573 2911 co.
1587 2887 1623 2910 tit.
1647 2886 1813 2915 Praesenti,
1830 2893 1904 2917 quam
1917 2885 1991 2910 hodie
2003 2893 2052 2910 non

1112 2920 1238 2952 habemus,
1255 2926 1279 2947 et
1291 2922 1356 2946 decr.
1373 2931 1392 2947 s.
1408 2922 1507 2946 eodem:
1527 2921 1689 2945 Nonnulli:
1707 2920 1801 2945 Iocum.
1814 2920 1898 2945 Andr.

1114 3022 1135 3048 9)
1145 3024 1192 3044 vel:
1206 3023 1222 3043 A
1275 3024 1308 3049 10)
1319 3025 1454 3049 requireret:
1469 3023 1517 3044 AB:
1531 3024 1658 3047 requirant:
1674 3023 1693 3042 D
1746 3023 1779 3048 11)
1788 3024 1886 3043 vocatis:
1901 3023 1937 3043 αἱ.

1166 3050 1230 3075 Cap.
1244 3051 1294 3070 XII.
1321 3052 1341 3073 1)
1352 3050 1474 3070 Biterensi:
1489 3049 1587 3071 ABCDE:
1600 3060 1625 3063 —
1640 3049 1721 3070 liceras
1738 3060 1759 3063 —-
1775 3050 1913 3069 Bricerensi:
1928 3049 1956 3071 F:
1970 3050 2056 3070 nitere-

1115 3081 1178 3095 veu.:
1193 3075 1209 3094 G
1261 3076 1282 3099 2)
1292 3077 1406 3100 proximo:
1420 3075 1509 3096 BCDEF
1559 3076 1580 3100 ³)
1590 3076 1619 3095 sit
1628 3076 1676 3096 affl:
1691 3075 1706 3095 A
1768 3075 1789 3100 4)
1798 3077 1926 3096 vacaverit:
1940 3075 1973 3095 AC
1981 3075 2054 3096 Bolum.

1115 3102 1135 3126 5)
1146 3103 1276 3127 contigerit:
1290 3102 1330 3122 FO.
