2243 3288
168 276 218 302 939
594 276 701 302 SEXTl
722 274 931 302 DECRETAL.
951 276 1016 302 LIB.
1036 277 1055 303 l.
1074 277 1144 304 TIT.
1164 278 1206 304 Ill.
1225 277 1276 304 DE
1295 276 1514 303 RESCRIPTIS.
1534 284 1557 302 c.
1577 285 1652 309 4——9-
2028 275 2078 301 940

172 353 247 387 apud
261 352 376 379 eosdem
390 352 496 378 iudices
513 352 642 386 experiri,
655 352 707 378 nisi
726 359 774 378 eos
793 357 821 378 ut
840 357 987 386 suspectos
1005 354 1108 387 poterit

173 395 310 419 recusare,
324 387 405 412 simili
419 395 519 420 poena,
534 387 556 412 si
571 391 667 412 contra
680 387 767 412 hocfw
781 387 887 420 fecerit,
901 387 1068 421 puniendus.

575 464 592 484 C
599 465 618 484 A
624 465 648 483 I’.
664 465 702 484 lv.

173 500 282 522 Receptus
292 504 331 522 per
340 499 416 517 literas
427 498 571 521 facultatis.si
581 499 609 518 ad
620 499 754 523 recipientes
765 499 879 524 spectabat
889 500 1107 524 reco11tio,ipsorum

171 528 191 543 et
208 531 253 544 nou
268 525 342 548 Papae
360 525 494 543 auctoritato
513 525 645 549 intelligitur
663 531 711 544 esse
730 528 838 549 receptus.
858 526 901 544 nisi
921 526 943 544 in
963 526 1033 545 literis
1046 527 1107 546 aliud

171 554 227 570 esset
239 556 374 575 expressum.
402 551 425 569 Si
441 553 514 569 autem
526 551 624 574 receptio
639 557 685 569 non
699 552 813 575 spectabat
823 552 851 570 ad
862 557 906 575 eos,
922 553 975 571 tunc
984 552 1107 576 apostollcn

373 576 506 595 auctoritate
516 576 598 595 dicitur
609 579 716 601 receptus.
744 577 822 596 loauu.
832 577 902 596 Andr.

483 635 683 662 Bonisacius
703 636 792 662 V1.11³

239 679 330 712 Quum
353 678 492 712 aliquibus
514 678 667 712 recipiendi
689 679 811 713 aliquem
830 679 858 704 in
877 678 1041 704 canonicum
1059 679 1106 705 ali-

170 712 248 737 cuius
270 713 416 745 ecclesiae,
439 721 494 738 non
516 713 694 739 obstantibus
716 713 843 740 eiusdem
865 713 1002 739 ecclesiae
1023 713 1105 747 privi-

168 747 259 779 legiis,
271 733 521 773 consuetu'dinibus
531 756 547 772 v
551 748 576 773 el
587 748 708 780 statutis,
720 747 884 779 iuramento,
895 747 1106 774 confirmatione

169 781 324 814 apostolica
334 790 349 806 v
352 781 378 807 el
392 789 559 815 quacunque
571 782 701 808 firmitate
711 782 765 808 alia
778 782 925 820 roboratis,
936 790 986 815 per
996 786 1106 807 nostras

171 816 264 841 literas
279 815 457 841 concedimus
472 816 645 842 facultatem:
660 817 682 841 si
694 816 891 842 canonicorum
901 816 1026 855 receptio
1036 816 1105 842 alias

169 850 196 875 in
209 850 271 883 ipsa
284 850 402 876 ecclesia
415 858 470 875 non
483 856 592 884 spectat
605 850 641 876 ad
655 859 714 882 eos,
725 851 826 889 quib-us
837 850 997 876 huiusmodi
1008 850 1106 876 literae

170 884 334 922 diriguntur,
355 884 406 910 sed
425 893 457 910 ex
477 893 573 910 earum
591 885 694 910 viribus
712 885 848 919 recipiunt
866 889 1050 918 potestatem:
1073 885 1105 917 is,

169 918 215 951 qui
239 918 379 952 recipitur,
405 920 572 945 auctoritate
597 919 753 953 apostolica
779 919 952 953 dignoscitur
975 927 1038 945 esse
1063 928 1104 945 re-

170 958 279 986 ceptus.
315 953 344 978 Si
366 961 432 979 vero
455 953 651 979 canonicorum
672 954 796 992 receptio
808 940 886 979 salias
909 953 1048 987 pertineat
1069 953 1104 979 ad

168 987 295 1019 eosdem,
308 995 364 1013 non
381 988 545 1026 apostolica,
559 988 609 1014 sed
627 988 820 1027 recipientium
838 993 969 1014 censetur
985 988 1104 1013 auctori-

166 1026 224 1047 tate
237 1027 376 1060 receptus,
389 1030 452 1054 nisi,
466 1022 541 1056 quod
559 1030 625 1048 eum
641 1023 807 1049 auctoritate
825 1027 921 1048 nostra
938 1024 1105 1056 reciperent,

167 1055 193 1081 in
207 1056 310 1082 nostris
323 1056 410 1083 literis
423 1064 473 1082 cai·
475 1061 568 1083 eretur
580 1065 725 1091 expresse.

578 1135 652 1155 CAP.
668 1136 694 1155 V.

164 1168 304 1192 Rescriptum
319 1168 404 1193 papale,
421 1169 481 1193 quod
496 1169 600 1188 concedit
614 1171 716 1194 promoto
732 1170 881 1189 retentionem
897 1170 1021 1194 primorum
1036 1169 1104 1189 bene-

164 1194 265 1213 ficiorum
276 1200 345 1218 usque
355 1195 383 1214 ad
395 1195 559 1218 beneplacitum
569 1196 650 1219 Papae.
665 1196 804 1220 extinguitur
814 1198 901 1215 mortuo
912 1196 983 1220 Pap-'³3
998 1201 1070 1219 seem,
1085 1196 1103 1215 si

165 1220 196 1238 ibi
206 1220 305 1239 dicatur:
326 1226 414 1244 „usque
429 1221 455 1239 ad
471 1221 636 1244 beneplacitum
652 1222 788 1245 apostolicae
798 1221 881 1240 sedis.“
909 1222 956 1241 Nee
970 1221 1104 1245 intelligitur

163 1246 208 1265 tale
218 1247 350 1270 rescriptum
357 1246 384 1266 de
396 1246 518 1271 beneficiis,
530 1247 590 1270 prius
598 1253 642 1266 non
651 1248 759 1267 canonice
766 1247 870 1266 detentis.
885 1248 912 1266 H.
920 1247 1103 1267 d.Ioann.Andr.

572 1301 692 1328 Idemn.

236 1343 264 1369 Si
277 1343 402 1376 gratiose
416 1343 464 1369 tibi
475 1352 492 1369 a
502 1344 630 1370 Romano
641 1344 775 1371 Pontifice
785 1345 964 1378 concedatur,
975 1349 1005 1371 ut
1017 1345 1102 1371 bene-

166 1377 237 1410 ficia,
256 1386 329 1411 quae
351 1383 477 1412 tempore
495 1384 559 1404 tuae
581 1379 764 1412 promotionis
788 1380 980 1411 obtinebas1*,
1002 1388 1102 1413 posses

167 1421 256 1445 usque
270 1412 306 1437 ad
320 1421 387 1438 suae
400 1422 416 1437 v
419 1413 552 1438 oluntatis
564 1413 773 1447 beneplacitum
786 1414 919 1440 retinere:
942 1400 1102 1440 htiiusmodi

168 1447 258 1479 gratia
286 1455 336 1480 per
359 1447 420 1472 eius
445 1447 565 1480 obitum,
591 1456 641 1481 per
666 1456 750 1487 quem
779 1448 866 1482 ipsius
894 1448 1101 1482 beneplacitum

166 1481 278 1506 omnino
301 1481 498 1515 exstinguitur,
521 1490 554 1507 eo
577 1482 639 1516 ipso
662 1483 793 1516 exspirat.
835 1483 922 1508 Sectis
949 1488 1057 1515 autem,
1080 1483 1102 1508 si

166 1523 256 1548 usque
268 1515 305 1540 ad
317 1516 491 1554 apostolicae
505 1516 580 1542 sedis
599 1516 807 1555 beneplacitum
825 1517 914 1550 gratia
932 1517 1102 1543 concedatur

166 1549 319 1583 praedicta.
343 1551 422 1575 Tunc
435 1558 520 1582 emm,
534 1551 599 1584 quia
613 1551 716 1577 sedes
711 1559 772 1585 ipsa
784 1559 840 1576 non
852 1552 978 1584 moritur,
992 1551 1103 1578 durabit

165 1588 312 1617 perpetuo,
326 1584 377 1610 nisi
391 1593 407 1610 a
420 1593 584 1610 successore
597 1585 680 1611 suerit
698 1594 745 1611 rex
748 1590 838 1611 ocata.
874 1587 1021 1612 Praetextu
1034 1595 1051 1611 Ἰ
1054 1595 1101 1612 ero

165 1618 228 1643 tilis
242 1618 442 1650 concessionis,
453 1627 525 1653 quae
539 1619 634 1652 debet,
645 1628 731 1658 quum
745 1620 780 1645 sit
793 1620 950 1652 ambitiosa,
961 1621 1102 1653 restringi,

165 1661 198 1678 ea
215 1653 305 1678 solum
323 1639 468 1686 beneficia,
486 1662 558 1688 quae
577 1654 710 1680 canonice
729 1654 850 1687 obtines,
868 1659 949 1689 potes
967 1655 1042 1681 licite
1060 1663 1101 1681 re

165 1687 263 1713 tinere.

571 1740 644 1760 CAP.
659 1741 697 1761 VI.

165 1774 256 1793 vacatio
270 1779 310 1798 per
320 1776 414 1793 mortem
425 1776 446 1794 et
456 1775 544 1794 vacatio
555 1780 594 1799 per
604 1775 797 1794 renunciationem
808 1777 859 1794 sunt
875 1776 970 1798 diversa.
987 1777 1008 1795 et
1018 1776 1069 1795 ideo
1080 1777 1102 1795 iu

228 1800 306 1824 literis»,
316 1801 343 1819 ad
355 1801 463 1820 beneficia
473 1801 604 1825 impetratisy
615 1807 660 1820 uuo
671 1807 783 1825 expresse,
794 1807 839 1820 non
849 1802 911 1821 venit
922 1802 1038 1826 reliquum.

580 1855 681 1882 Idem.

235 1898 402 1931 Susceptum
415 1898 451 1923 ab
465 1899 620 1937 apostolica
638 1898 706 1925 sede
720 1898 893 1932 mandatum,
907 1904 946 1931 ut,
959 1899 994 1925 ab
1008 1899 1103 1932 aliquo

165 1931 303 1964 beneficii,
322 1932 401 1970 quod
421 1932 538 1963 obtinet,
555 1933 744 1966 resignatione
767 1938 868 1972 recept
865 1942 890 1965 Ἰ,
908 1935 1000 1967 ipsum
1023 1934 1102 1959 alteri

165 1965 294 1991 conferas
307 1972 335 1992 et
348 1975 485 2000 asstgnes,
499 1967 654 2001 adimplere
668 1975 724 1992 non
743 1972 834 2001 potes,
849 1968 870 1993 si
885 1968 940 2000 ille,
953 1972 1103 2006 antequam

164 2000 297 2033 resignet,
309 2001 393 2026 rebus
406 2001 543 2027 eximatur
556 2002 695 2035 humanis,
707 2010 793 2036 quum
807 2010 862 2028 non
876 2011 926 2036 per
938 2002 1103 2036 resignatio-

231 2114 289 2137 Tit.
311 2115 361 2138 111.
401 2115 470 2146 Cap.
493 2115 538 2138 IV.
579 2114 602 2146 a)
618 2115 673 2139 Fuit
690 2118 768 2139 tracta
780 2115 812 2138 ‹le
828 2115 995 2146 extravaganti
1015 2115 1098 2145 Alex„

162 2156 224 2180 quae
242 2149 386 2179 incipiebat:
408 2150 483 2173 cont
494 2150 585 2179 ingit:
608 2149 681 2174 Imm.
695 2149 778 2174 Andr.
791 2163 824 2167 -—-
839 2149 912 2173 Haec
929 2153 1102 2181 extraraytms

163 2186 258 2206 czsml:
282 2182 310 2206 L.
324 2181 370 2213 ful.
384 2190 423 2214 79.
442 2191 482 2207 na.
502 2191 524 2214 3,
538 2188 560 2207 el
579 2183 630 2208 JL:
645 2185 771 2214 Contingit
794 2185 915 2208 interdum
937 2193 982 2216 pro
1003 2185 1101 2216 quibus-

162 2217 236 2240 darnl
254 2218 298 2240 sub
316 2218 360 2241 liac
383 2218 460 2241 forma
482 2219 519 2242 vel
539 2219 610 2242 simili
625 2224 718 2242 nostras
732 2219 814 2242 literas
826 2227 947 2248 emanare,
977 2223 1029 2248 „ut
1052 2227 1101 2242 non

162 2252 275 2275 obstante
288 2252 448 2281 iurament‹›²³‚
470 2253 604 2283 privilegio,
627 2253 663 2276 vel
682 2257 780 2281 statuto,
798 2253 861 2276 side
874 2254 1000 2277 voluntate
1018 2262 1101 2284 proce—

161 2286 203 2309 ‹lat
220 2287 319 2317 capituli
338 2294 378 2309 seu
393 2287 466 2309 etiam
480 2287 652 2325 praelatorum,
675 2288 821 2318 recipiantur
835 2288 857 2310 in
871 2288 979 2311 ecclesiis
992 2288 1014 2311 in
1029 2296 1101 2311 cano-

163 2322 231 2344 nicos
240 2325 263 2344 et
278 2321 300 2343 in
316 2320 406 2344 francs.
417 2322 434 2332 “
476 2321 497 2343 V
501 2330 567 2344 erum
585 2322 641 2352 quia
655 2330 669 2345 a
683 2320 782 2345 multis-,3
799 2322 940 2345 multotiens
958 2322 1097 2351 haesitatur,

161 2362 202 2378 an
202 2354 284 2378 tales
297 2355 440 2378 auctoritate
455 2355 518 2378 serlis
532 2364 592 2386 apo
584 2356 658 2378 §tolie
654 2360 699 2379 ,ie-'⁵
712 2365 753 2379 seu
765 2356 870 2385 illorum,
890 2357 931 2387 qui
942 2355 1103 2388 receperuntG

163 2398 204 2412 eos
206 2389 262 2412 dem
275 2387 317 2412 in¹
329 2390 420 2413 eisdem
435 2390 550 2417 ccelesiis,
568 2390 752 2419 intelligantur*
764 2391 878 2414 admissi:
898 2399 942 2414 nos
955 2391 1101 2421 ambiguita-

163 2423 217 2447 tes-⁹
235 2424 373 2447 huiusmodi
387 2424 467 2447 taliter
479 2424 592 2447 (luximus
605 2425 771 2453 declarandas,
792 2429 825 2453 ut,
847 2425 866 2448 5Ἰ
883 2425 913 2448 :ul
932 2425 995 2455 illos,
1013 2426 1102 2456 quibus

163 2458 196 2481 sic
204 2457 227 2474 ¹⁰
239 2462 335 2481 nostrae
349 2458 585 2489 literaetlirigumur,
600 2458 687 2481 ,Ἰ1Ἰ,Ἰ,5Η
702 2463 794 2489 spectat
807 2460 981 2483 canonicorum
995 2460 1101 2491 receptio

162 2493 185 2515 in
203 2493 311 2516 ecclesiis
333 2493 480 2521 memoratis,
506 2493 566 2516 tales
584 2501 631 2515 non
650 2498 732 2516 nostra
754 2493 795 2516 sed
817 2494 962 2517 auctoritate
984 2495 1101 2525 recipien-

162 2527 224 2550 tium
250 2531 394 2550 censeantur
419 2527 516 2558 recepti.
565 2528 591 2550 Si
613 2535 670 2550 vero
691 2535 738 2549 non
761 2528 792 2550 :ul
820 2528 884 2558 ipsos
907 2529 1101 2559 recipiendorum

162 2561 302 2584 huiusmodi
321 2565 414 2592 spectat
433 2560 576 2592 receptioh',
602 2561 644 2584 sed
663 2570 690 2584 ex
709 2562 800 2584 iuribus
819 2562 942 2586 literarum
964 2567 1100 2586 nostrarum

163 2596 281 2626 recipiunt
290 2594 312 2611 ¹3
325 2600 478 2627 potestatem,
495 2596 527 2618 hii
538 2594 557 2612 ¹4
572 2604 619 2618 non
634 2604 676 2619 sua
686 2596 726 2618 sed
741 2596 857 2619 duntaxat
869 2601 946 2628 apost.
957 2598 1101 2621 auctoritate

165 2630 254 2661 recepti
276 2630 386 2653 canonici
409 2635 557 2661 reputentur.
606 2630 663 2654 Dat.
684 2631 813 2660 Anagniae
827 2631 884 2654 XV.
905 2631 961 2655 Kal.
981 2633 1049 2662 Sept.
1072 2632 1096 2655 Ἰ).

216 2665 246 2687 Α.
264 2664 284 2687 1.
302 2663 401 2696 (1255.)

233 2699 302 2730 Cap.
320 2699 350 2722 V.
390 2697 414 2730 a)
426 2699 521 2722 Habuit
533 2717 552 2722 ..
567 2702 646 2721 ortum
657 2698 717 2721 haec
726 2698 853 2722 decretalis
863 2699 894 2722 al)
907 2703 1029 2730 extravag.
1044 2700 1099 2723 Cle-

166 2734 253 2756 mentis
263 2741 326 2764 quae
336 2733 479 2764 incipiebat:
492 2733 529 2756 [t
543 2733 687 2764 petitioni
701 2738 767 2756 tuae
781 2741 906 2763 congrue
920 2734 1096 2758 satisfaciat

181 2786 186 2791 .
196 2786 201 2790 .
221 2767 336 2791 Urbanus
353 2772 434 2791 autem
448 2768 595 2791 contrarium
609 2768 767 2798 responderat
783 2785 788 2790 .
799 2786 803 2790 .
814 2785 819 2790 .
839 2768 862 2790 in
876 2776 919 2791 sua
931 2773 1022 2792 extrav.
1038 2777 1100 2799 quae

166 2802 305 2832 incipiebat.
346 2802 493 2832 Significas-,ti
511 2802 589 2825 nobis.
630 2801 705 2825 lcum.
719 2801 802 2825 Amr.
827 2815 862 2818 —
888 2802 957 2825 llaec
973 2802 1033 2826 L'rb.
1053 2803 1096 2826 IV.

166 2835 315 2866 (¹261—4.)
326 2835 459 2859 decretalis
469 2835 504 2859 ar]
520 2834 577 2859 Ven.
588 2834 665 2865 fratr.
677 2836 704 2859 S.
713 2835 832 2859 Andreae
841 2843 880 2867 ep.
891 2835 995 2865 directa.
1006 2840 1100 2860 entur:

165 2869 196 2894 L.
211 2878 251 2893 no.
263 2870 374 2894 LXVII.
391 2869 425 2901 cf.
440 2870 471 2894 ib.
486 2878 528 2894 no.
541 2871 709 2894 Lxxvnr:
728 2870 874 2901 Significasti
887 2871 964 2899 nobis,
978 2872 1043 2902 quod
1059 2871 1096 2895 sel.

219 2957 238 2976 1)
248 2955 372 2979 aliquibus:
386 2954 402 2974 L
441 2954 462 2978 2)
472 2960 578 2974 numero:
591 2954 607 2974 1.
646 2954 842 2979 .'5)1.'n‹leininis:
857 2954 872 2973 l.
910 2954 932 2977 4)
942 2954 1015 2974 deest:
1031 2955 1045 2973 J.

168 2983 260 3003 guntur:
275 2981 298 3000 M
334 2982 354 3004 ss)
365 2981 534 3005 ambiguitatem
545 2995 549 3000 .
561 2995 566 3000 .
578 2995 583 3000 .
593 2981 765 3000 declarandum:
781 2980 803 2999 M
842 2982 875 3004 10)
885 2981 928 2999 sic:
942 2980 1009 3000 dash·
1023 2981 1039 2999 Ι,

219 3082 271 3100 Tit.
286 3082 325 3101 m.
353 3083 415 3107 Cap.
429 3083 469 3102 ῘΠ.
495 3082 517 3106 5)
526 3083 580 3103 hoc:
595 3083 663 3102 atesi:
676 3083 737 3103 Codd.
747 3083 794 3103 coll.
805 3089 823 3103 o.
834 3082 903 3102 zabed.

219 3107 280 3131 cap.
295 3109 322 3127 V.
350 3109 369 3133 1)
381 3109 475 3133 obtines,
485 3110 567 3133 possis:
582 3108 642 3128 Codd.
653 3109 698 3129 coll.

1093 2956 1182 2976 manet.
1193 2955 1329 2980 apostolica·
1343 2955 1358 2975 Ι,

1083 2982 1166 3005 11)a1.:
1181 2981 1248 3001 deest:
1262 2981 1278 3000 I
1318 2982 1418 3006 12Jreca
1432 2981 1499 3001 deest:
1513 2981 1529 3000 1.
1568 2980 1731 3005 imi-enimam.
1744 2979 1767 2998 M
1805 2980 1945 3003 14)etquum
1957 2980 1990 2999 lii.
2005 2981 2032 3001 M.

1143 363 1208 381 nem
1218 363 1304 381 vacat
1307 354 1368 387 etit,
1379 354 1430 381 sed
1442 362 1492 388 per
1502 357 1635 385 mortem;
1645 361 1697 379 nisi
1708 354 1743 380 de
1754 353 1908 381 intentione
1918 353 2077 380 mandantis

1143 390 1218 415 aliud
1236 393 1384 428 apparelet
1402 396 1545 427 expresse.
1581 388 1609 413 Si
1629 374 1687 414 ’duo
1709 397 1794 422 super
1815 388 1917 414 eodem
1939 387 2077 414 beneficio

1143 424 1237 450 literas
1263 425 1428 458 impetrent,
1458 431 1541 449 mmo
1567 422 1690 461 eoruml,
1717 431 1767 456 per
1791 423 1862 448 illius
1888 422 2004 461 obitum,
2030 422 2077 456 qui

1143 459 1267 491 tenebat,
1285 458 1409 484 secundo
1427 465 1503 489 isseio,
1520 465 1571 491 per
1589 457 1745 483 cessionem
1762 456 1891 483 eiusdem
1908 457 2001 490 ipsum
2013 465 2077 490 pro-

1141 498 1265 526 ponente
1275 501 1387 518 vacare:
1402 491 1552 523 secundus,
1563 499 1649 524 quum
1658 491 1842 517 beneficium'
1833 499 1928 530 ipsum
1939 491 2076 529 cessione,

1141 535 1197 552 non
1221 531 1311 553 morte
1335 526 1483 558 vacaxerit,
1509 525 1595 552 debet
1620 525 1709 559 primo
1735 525 1762 551 in
1786 525 1873 559 ipsius
1897 525 2076 552 assecutione

1141 561 1284 595 praeferri

1543 612 1560 631 o
1567 612 1585 631 Α
1592 612 1616 631 P.
1632 612 1680 632 vn.

1141 651 1205 671 Licet
1218 652 1331 676 ignorans,
1350 651 1484 671 beneficium
1500 651 1543 669 sibi
1559 650 1673 674 collatum,
1693 650 1716 669 in
1731 650 1888 674 impetratione
1907 651 1999 670 alterius
2017 650 2077 670 illius

1141 677 1279 697 mentionem
1295 684 1339 697 non
1356 678 1444 701 fecerit,
1464 677 1541 696 valent
1554 677 1644 699 literam
1663 676 1758 695 alterum
1773 677 1848 695 tamon
1864 677 1937 700 eliget,
1957 677 1975 696 si
1986 677 2014 696 de
2029 677 2077 696 iure

1361 703 1428 723 simul
1439 704 1510 723 teneri
1522 708 1567 722 uon
1577 703 1670 726 possint.
1698 702 1776 721 loaun.
1786 702 1856 721 Andr.

1558 752 1659 778 Idem.

1209 795 1314 829 Gratia,
1333 804 1417 835 quam
1436 803 1520 834 super
1537 795 1674 822 beneficio
1692 803 1708 820 a
1723 795 1792 821 sede
1810 795 1965 829 apostolica
1982 799 2009 821 te
2027 796 2076 821 im—

1141 834 1269 863 petrasse
1286 831 1430 864 proponis,
1448 830 1549 856 vitiosa
1566 829 1689 864 reputari
1710 837 1766 855 non
1784 829 1879 862 debet,
1897 830 2023 868 quamvis
2041 830 2078 856 de

1141 864 1195 889 alio
1209 865 1356 897 beneficio,
1366 865 1401 890 ab
1413 865 1548 898 episcopo
1560 869 1607 890 tuo
1618 868 1701 890 antea
1711 864 1760 889 tibi
1774 863 1884 889 absenti
1896 868 1925 889 et
1938 864 2076 898 ignoranti

1141 898 1252 930 collato,
1262 899 1366 924 nullam
1369 907 1469 933 ,quum
1480 904 1608 933 tempore
1618 898 1822 937 impetrationis
1832 898 1966 930 nescires,
1976 898 2077 925 feceris

1139 933 1319 959 mentionem.
1356 934 1514 972 Utrumque
1532 938 1635 972 tamen,
1649 933 1671 958 si
1691 933 1756 958 talla
1769 934 1825 958 sint
1842 932 1988 965 beneficia,
2002 941 2076 966 quae

1140 967 1222 992 simul
1234 972 1375 1006 nequeant
1389 967 1443 994 de
1437 976 1496 993 iure
1510 967 1608 1000 teneri,
1622 967 1727 993 habere
1740 975 1796 993 non
1809 971 1903 1002 potes;
1923 967 1974 993 sed
1987 967 2075 1001 eligas

1140 1001 1217 1035 quod
1230 1010 1264 1027 ex
1277 1002 1317 1028 eis
1330 1002 1463 1028 malueris
1476 1002 1607 1028 retinere.

1537 1089 1611 1108 CAP.
1626 1089 1687 1108 VIII.

1139 1122 1163 1141 Si
1179 1122 1309 1141 restituatur
1322 1123 1371 1147 quis
1386 1123 1414 1142 ad
1429 1123 1522 1146 gratiam
1539 1124 1674 1147 revocatam,
1689 1123 1738 1142 sine
1752 1123 1844 1142 alterius
1859 1122 1998 1146 praeiudicio
2012 1122 2077 1141 intel-

1139 1147 1216 1172 ligitur
1224 1149 1351 1173 restitutus;
1367 1149 1425 1169 unde
1435 1149 1506 1173 alteri,
1521 1151 1574 1168 auto
1587 1149 1751 1168 restitutionem
1762 1149 1898 1173 impetranti,
1913 1148 2020 1172 praeferri
2030 1153 2077 1168 non

1479 1175 1552 1194 debet.
1580 1175 1738 1194 loaun.Aud1-.

1558 1225 1658 1252 Idem.

1207 1271 1360 1305 Quamvis
1354 1272 1477 1305 1s,cuius
1491 1272 1588 1306 gratia,
1599 1281 1650 1307 per
1664 1280 1748 1306 quarn
1760 1271 1964 1298 mandabatur
1958 1280 1987 1297 m
2000 1276 2077 1298 certa

1138 1307 1259 1332 eeclesia
1279 1306 1420 1340 provideri
1438 1307 1490 1333 sibi
1509 1307 1545 1333 de
1566 1307 1705 1333 beneficio
1723 1307 1850 1340 proxime
1866 1310 2007 1338 vacaturo,
2025 1315 2076 1340 per

1137 1349 1189 1366 nos
1203 1341 1293 1366 suerat
1306 1349 1354 1367 rei
1357 1346 1466 1374 ocata³,
1479 1342 1642 1367 restituatur
1655 1350 1671 1367 a
1684 1341 1765 1367 nobis
1779 1341 1871 1366 denuo
1885 1340 1922 1366 ad
1940 1340 2074 1367 eandem:

1138 1383 1193 1400 non
1212 1380 1305 1401 tamen
1323 1375 1358 1407 ei,
1371 1375 1415 1401 cui
1433 1380 1497 1409 post
1515 1376 1734 1408 revocationem,
1747 1379 1775 1401 et
1791 1379 1856 1400 ante
1870 1375 2077 1401 restitutionem

1139 1409 1297 1443 praedictas
1316 1409 1412 1435 similis
1431 1410 1456 1435 in
1476 1410 1576 1436 eadem
1594 1410 1713 1436 ecclesia
1731 1410 1820 1443 gratia
1838 1409 1911 1435 facta
1928 1409 2005 1442 t'uitl,
2022 1409 2075 1435 nisi

1139 1444 1208 1469 dess*
1225 1444 1278 1469 hoc
1296 1452 1430 1477 expresse
1449 1444 1608 1476 dixerimus,
1622 1444 1755 1470 anteferri
1773 1443 1898 1476 debebit,
1913 1451 1998 1477 quum
2011 1443 2075 1470 talis

1138 1478 1288 1510 restitutio,
1310 1479 1357 1504 ubi
1379 1478 1454 1504 aliud
1474 1487 1530 1504 non
1552 1479 1723 1513 exprimitur,
1742 1478 1913 1512 intelligatur
1934 1477 1994 1504 fieri
2015 1478 2076 1505 sine

1138 1513 1204 1538 iuris
1219 1513 1390 1546 praeiudicio
1404 1513 1495 1539 alieni.

1546 1582 1617 1602 CAP.
1634 1583 1673 1601 IX.

1137 1617 1162 1635 In
1177 1617 1248 1635 literis
1263 1617 1290 1636 ad
1306 1616 1416 1636 benefic-ia
1430 1617 1554 1641 impetratis
1568 1617 1687 1641 inspicitur
1701 1618 1787 1641 tempus
1802 1617 1875 1636 datae.
1902 1616 1967 1636 Unde
1977 1622 2017 1641 per
2026 1616 2076 1636 illas

1138 1643 1271 1662 beneficium
1291 1645 1391 1662 curatum
1407 1643 1508 1662 obtinere
1523 1648 1568 1662 non
1583 1643 1672 1667 poterit,
1692 1643 1736 1666 qui.
1756 1643 1809 1662 licet
1823 1648 1882 1662 nune
1897 1643 1926 1662 sit
1939 1643 2016 1666 maior,
2036 1643 2076 1662 illo

1390 1670 1490 1692 tempore
1500 1669 1574 1688 minor
1584 1671 1638 1688 erat.
1666 1669 1743 1688 Ioanu.
1754 1669 1824 1688 Andr.

1557 1719 1657 1745 Idem.

1207 1761 1235 1788 Si
1250 1770 1284 1788 eo
1302 1766 1438 1796 ternpore,
1452 1770 1508 1796 quo
1527 1762 1576 1788 tibi
1595 1762 1631 1788 de
1647 1761 1784 1788 beneficio
1798 1770 1862 1788 curn
1874 1770 1940 1788 cura
1951 1762 1997 1789 vel
2014 1762 2075 1789 sine

1139 1804 1203 1822 cura
1216 1796 1410 1822 mandavimus
1429 1796 1580 1830 provideri,
1593 1797 1629 1822 ad
1647 1796 1830 1822 obtinendum
1848 1801 1975 1822 curatum
1986 1797 2072 1823 bene-

1139 1831 1231 1856 ficium
1244 1831 1375 1856 idoneam
1392 1839 1448 1856 non
1465 1831 1591 1857 habebas
1609 1835 1745 1856 aetatem:
1768 1831 1827 1862 tibi,
1843 1830 1908 1857 licet
1920 1839 1993 1857 nunc
2006 1831 2074 1865 Iegi-

1139 1865 1223 1890 timae
1240 1865 1357 1891 effectus
1380 1865 1417 1890 sis
1437 1865 1546 1898 aetatis,
1564 1865 1730 1891 auctoritate
1747 1864 1889 1891 literarum
1905 1865 2074 1899 huiusmodi,

1139 1908 1225 1932 quum
1239 1904 1366 1932 tempore
1383 1899 1467 1925 datae
1485 1899 1607 1932 ipsarum
1626 1899 1718 1925 adhuc
1735 1907 1790 1924 non
1804 1907 1884 1925 esses
1897 1899 2025 1933 idoneus,
2038 1900 2074 1926 de

1138 1933 1276 1959 beneficio
1289 1941 1383 1959 curam
1396 1933 1550 1959 animarum
1563 1934 1684 1959 habente
1698 1942 1878 1967 nequaquam
1896 1934 1999 1968 poterit
2011 1943 2075 1968 pro-

1140 1968 1238 1993 videri.
1274 1968 1445 1993 Beneficium
1463 1972 1557 1993 autem
1575 1968 1635 1994 sine
1652 1976 1728 2000 cura,
1742 1976 1827 2002 quum
1841 1968 1877 1994 ad
1894 1977 1994 2007 ipsum
1999 1968 2075 1994 suffi-

1140 2002 1261 2028 cientem
1272 2007 1336 2028 tunc
1347 2007 1469 2028 aetatem
1480 2003 1667 2036 haberes,per
1677 2011 1725 2029 eas
1736 2003 1809 2028 licite
1820 2007 1926 2037 potens
1937 2003 2074 2030 obtinere.

1138 2123 1184 2139 rec.
1202 2115 1273 2139 Alex.
1291 2115 1340 2139 ΡΙ).
1357 2116 1440 2147 praed.
1457 2123 1480 2139 n.
1497 2115 1541 2139 tibi
1559 2115 1680 2147 quaedam
1693 2116 1813 2140 beneficia
1825 2116 1996 2145 ecclesiastica,
2012 2124 2075 2148 quae

1138 2150 1299 2181 promotionis
1320 2155 1431 2181 tempore
1453 2150 1582 2174 obtinebas
1604 2158 1680 2182 usque
1699 2151 1730 2174 ad
1755 2154 1847 2174 certum
1865 2154 1962 2182 tempus
1983 2151 2072 2182 primo,

1137 2193 1165 2208 ac
1182 2194 1212 2208 eo
1233 2185 1317 2216 elapso
1335 2185 1401 2216 quod
1418 2193 1447 2208 ea
1467 2193 1544 2216 usque
1567 2185 1620 2214 „ad
1640 2193 1696 2208 suae
1717 2185 1850 2208 voluntatis
1870 2185 2076 2216 beneplacitum“

1137 2219 1239 2242 retinere
1253 2227 1343 2250 posses,
1360 2219 1516 2250 postmodum
1529 2227 1571 2250 per
1584 2220 1664 2243 literas
1675 2224 1752 2250 apost.
1766 2219 1834 2243 duxit
1844 2219 1875 2243 de
1885 2219 1983 2250 speciali
1997 2220 2075 2250 gratia

1137 2254 1328 2277 concedendum.
1369 2254 1451 2283 Quare
1466 2262 1480 2277 a
1497 2254 1568 2277 nobis
1583 2254 1700 2277 instanter
1710 2254 1825 2285 postulari
1837 2254 1921 2283 fecisti,
1935 2258 1969 2283 ut,
1987 2262 2070 2285 quum,

1137 2288 1203 2311 ‹licto
1218 2288 1403 2319 praedecessore
1415 2292 1499 2311 nostro
1513 2289 1576 2311 viam
1594 2289 1720 2312 universae
1733 2289 1810 2312 camis
1828 2288 1943 2319 ingresso,
1963 2289 2075 2312 nonnulli

1139 2322 1219 2346 elerici
1233 2326 1287 2346 sunt
1301 2322 1331 2345 :ul
1345 2322 1465 2346 beneficia
1478 2322 1616 2346 huiusmodi
1626 2331 1670 2354 per
1682 2326 1798 2354 patronos
1810 2331 1902 2352 eorum,
1918 2327 1944 2346 ut
1955 2326 2071 2352 asserunt,

1138 2357 1292 2388 praesentati,
1313 2360 1334 2380 et
1350 2361 1449 2388 propter
1461 2357 1508 2380 hoc
1522 2357 1583 2380 inter
1596 2361 1619 2380 te
1633 2365 1661 2380 ex
1675 2361 1743 2388 parte
1759 2361 1800 2380 tua
1813 2361 1836 2380 et
1850 2357 1950 2380 clericos
1966 2357 2032 2388 ipsos
2045 2365 2074 2381 ex

1137 2391 1213 2414 altera
1226 2399 1298 2422 super
1310 2391 1401 2414 eisdem
1415 2391 1539 2414 beneficiis
1552 2392 1705 2422 quaestiones
1718 2391 1866 2422 multiplices
1882 2391 1998 2421 oriantur,
2018 2399 2074 2423 pro-

1137 2426 1219 2449 videre
1236 2433 1308 2456 super
1324 2425 1378 2454 hoc,
1399 2430 1479 2449 utrum
1498 2425 1637 2449 huiusmodi
1655 2426 1778 2449 concessio
1791 2426 1866 2457 ipsius
1882 2426 2074 2457 praedecessoris

1137 2468 1159 2483 n.
1178 2460 1241 2483 sacta
1252 2468 1329 2491 usque
1342 2459 1373 2483 ad
1391 2460 1466 2490 ipsius
1482 2460 1662 2491 beneplacitum
1680 2468 1723 2491 per
1739 2460 1790 2484 eius
1806 2460 1901 2483 obitum
1918 2460 2070 2491 expiraverit,

1138 2498 1220 2517 nostro
1240 2494 1412 2517 declarationis
1429 2494 1528 2517 oraculo
1545 2502 1690 2518 curaremus.
1729 2495 1782 2518 Nos
1799 2494 1881 2525 itaque
1894 2495 2075 2518 concessionem

1136 2529 1239 2552 eandem
1262 2529 1395 2559 exspirasse
1418 2537 1460 2559 per
1482 2533 1585 2552 mortem
1602 2529 1677 2560 ipsius
1699 2529 1892 2560 praedecessoris
1913 2529 1988 2552 nostri
2004 2532 2068 2552 auct.

1136 2571 1213 2594 praes.
1230 2563 1388 2586 declaramus.

1205 2598 1275 2629 Cap.
1293 2597 1369 2620 VIII.
1397 2596 1421 2628 a)
1433 2597 1556 2620 Teum-cm
1569 2597 1640 2621 liuius
1653 2597 1818 2621 revocatoriae
1830 2597 2010 2621 constitutionis
2022 2605 2071 2620 non

1135 2631 1262 2661 habemus,
1285 2632 1326 2655 scd
1343 2632 1374 2655 (Ie
1396 2632 1448 2662 ipsa
1465 2631 1491 2655 sit
1509 2632 1601 2655 mentio
1618 2631 1679 2655 infra
1695 2632 1726 2655 ‹Ie
1743 2631 1874 2662 praebend.
1895 2639 1915 2654 c.
1936 2631 2028 2662 penult.
2048 2635 2072 2654 et

1136 2666 1286 2697 antepenult
1300 2670 1323 2689 et
1333 2665 1364 2689 (le
1374 2666 1530 2689 concessione
1541 2666 1695 2697 praebendae
1705 2674 1725 2689 c.
1740 2666 1782 2689 ult.
1800 2665 1962 2689 Revocatoria
1973 2665 2070 2689 illarum

1137 2700 1233 2724 Nicolai
1245 2700 1388 2738 incipiebat.
1407 2700 1444 2723 1³1-
1450 2700 1526 2724 idem
1544 2700 1577 2723 a‹l
1593 2701 1709 2731 apicem
1724 2699 1840 2731 (Dudum
1850 2699 1920 2723 circa
1929 2698 2071 2730 promotio-

1136 2734 1175 2757 uis-
1185 2742 1255 2758 meae
1264 2733 1422 2766 primipz‘um
1432 2734 1467 2757 ad
1478 2733 1687 2766 apicem—Lat.
1699 2735 1745 2758 VI.
1759 2733 1798 2758 Id.
1813 2732 1895 2765 April.
1910 2732 1940 2757 A.
1955 2733 1974 2756 I.
1996 2738 2067 2764 1295.

1136 2768 1251 2792 ]¹.ntthas-t
1268 2776 1310 2792 πο,
1330 2769 1420 2799 24063.
1437 2768 1509 2791 -ίιι
1529 2768 1606 2792 C.otId
1626 2768 1655 2793 L.
1674 2776 1715 2794 no
1729 2769 1816 2796 XC.1;
1834 2766 1875 2791 Hc
1887 2765 1976 2797 Bonis.
1990 2767 2067 2792 VIII.

1135 2811 1175 2826 710.
1200 2802 1236 2834 2.)
1262 2803 1364 2826 Illarum
1386 2803 1532 2826 Coeles—tini:
1559 2803 1639 2826 Olim
1662 2802 1856 2827 coelestinus
1878 2805 1923 2824 ete.
1950 2801 2067 2826 dudum.

1136 2837 1168 2869 (V
1175 2838 1192 2860 l.
1214 2836 1252 2861 Id.
1268 2836 1350 2868 April.
1370 2836 1400 2861 A.
1422 2841 1439 2860 1.
1461 2842 1531 2868 1295.
1552 2836 1668 2861 Parthas!
1684 2844 1725 2860 πο.
1745 2836 1834 2865 24061.
1851 2848 1885 2852 —
1899 2833 1925 2858 in
1943 2834 2020 2860 C'orlrl.
2039 2836 2070 2861 L.

1135 2880 1176 2895 nn.
1191 2872 1263 2901 XC.,
1283 2873 1322 2895 Hc
1338 2871 1416 2896 honis.
1434 2872 1509 2895 V.Ill
1526 2879 1566 2895 720.
1584 2878 1603 2895 1.
1609 2870 1762 2901 )—Ioa7m.
1776 2868 1858 2893 Andr.

1406 2956 1427 2980 G)
1438 2956 1559 2980 recipiunt.
1574 2955 1596 2974 M
1643 2953 1802 2978 'Diaeisdom-
1816 2953 1884 2972 deest:
1898 2953 1920 2972 M
1957 2954 2070 2977 &intelli-

1187 3084 1248 3107 cap.
1263 3084 1300 3103 VI.
1334 3083 1353 3108 1)
1364 3083 1465 3102 illorum:
1479 3082 1540 3102 ΑΒΖ).

1186 3110 1247 3135 Cap.
1263 3110 1322 3129 Vlss.
1349 3110 1370 3134 1>
1380 3109 1458 3129 suerit:
1473 3107 1506 3130 AG
1557 3106 1579 3132 2)
1589 3107 1628 3127 de:
1643 3105 1710 3127 deest:
1724 3105 1784 3127 codd.
1796 3106 1842 3126 coll.

2223 2462 2235 2507 ..tt
