2243 3288
152 250 217 276 1175>

154 333 248 354 staret.
274 332 382 359 sumpta
407 332 494 349 coena
518 324 544 348 in
569 323 730 349 memoriam
755 323 852 348 mortis
874 331 942 349 suae
964 323 1080 349 instituit

155 368 291 386 summum
304 365 332 385 et
348 367 409 391 mQ
402 358 523 383 niticum
538 358 578 382 sui
593 357 716 395 corporis
729 362 757 382 et
770 357 911 389 sanguinis
925 365 1080 383 sacramen-

155 401 220 421 tum
239 402 337 430 corpus
351 393 377 417 in
391 380 491 423 Cibum,
509 397 536 416 et
554 391 718 423 sanguinem
736 391 762 416 in
780 391 909 424 poculum
923 391 1080 417 tribuendo.

155 429 185 453 N
188 437 232 455 un
247 428 355 462 quoties
369 427 440 451 hunc
454 434 555 463 panem
568 425 766 450 manducamus
784 431 811 450 et
825 425 940 451 calicem
950 425 1080 458 bibimus,

154 468 271 487 mortem
282 457 393 486 Domini
407 459 614 485 ¹mnuncianius.
650 460 679 484 ln
690 459 862 485 institutione
873 459 986 492 quidem
1000 459 1080 486 huius

154 505 173 521 5
169 495 317 521 itramcnti
331 495 396 519 dixit
411 494 470 527 ipse
483 493 656 527 Αρο5ῑο1155ε
677 494 753 525 „hoc
767 493 868 519 facite
863 502 889 518 in
902 501 992 519 meam
1006 502 1080 519 com-

153 529 408 560 memorationem‚“
431 533 459 553 ut
481 528 660 561 praecipuum
682 532 710 553 et
731 527 838 560 insigne
856 528 1017 554 memoriale
1039 529 1080 554 sui

153 564 253 589 amoris
267 563 367 594 eximii
385 571 440 596 quo
458 571 508 587 nos
527 562 630 591 dilexit,
647 567 721 587 esset
739 562 819 587 nobis
838 562 890 587 hoc
907 562 1080 595 praecelsum

153 603 179 623 et
200 597 357 622 xcnerabile
376 601 588 622 sacramentum.
624 596 796 627 Memoriue,
817 596 937 629 inquam,
955 596 1080 622 mirabile

152 640 183 657 ac
194 631 372 669 stupendum,
379 631 628 669 delectabile,suai·
631 638 655 661 e,
668 630 844 661 tutissimum,
851 638 883 655 ac
894 638 977 668 super
989 631 1081 656 onmia

152 666 312 704 pretiosum,
327 674 352 690 in
365 674 419 698 quo
435 665 516 690 innox
519 669 564 690 ata
576 669 638 689 sunt
652 664 681 689 si
679 673 712 695 gn
716 673 731 689 a
742 669 769 689 et
780 650 915 689 miribilia
925 665 1080 702 inunutata,

152 701 177 725 in
202 708 256 733 quo
282 700 399 725 liabetur
423 707 506 724 omne
531 685 779 729 delectamentum,
805 703 832 723 et
857 699 946 724 omnis
971 699 1079 732 saporis

152 734 281 760 suaiitas,
276 734 412 772 ipsaque
425 733 544 758 dulcedo
558 733 670 758 Domini
685 732 855 765 degustatur,
874 733 900 757 in
914 741 969 766 quo
984 733 1079 766 utique

151 777 166 791 Ἰ
170 769 196 792 it¹
198 776 223 793 te
237 767 338 800 suffrag„
332 776 398 793 ium
411 768 606 800 consequimur
619 772 646 792 et
660 767 764 792 sumis.
787 767 847 791 Hoc
862 772 904 792 cst
917 767 1078 792 memoriale

151 789 349 840 dulcissimum,
371 802 533 827 memoriale
551 801 777 832 sacratissimum,
799 801 962 826 memoriale
979 801 1078 826 salvifi-

150 845 227 868 cum,
256 837 282 861 in
313 844 368 875 quo
397 844 415 868 .‘
399 841 504 867 ratam
534 835 732 868 redemptionis
762 821 873 860 nostrae
901 843 1079 861 recensemus

150 871 322 902 memoriam,
340 871 366 896 in
385 878 440 904 quo
458 879 475 895 a
491 870 564 895 malo
581 869 745 895 retrahimur
763 874 790 894 et
808 869 834 894 in
852 869 926 894 bono
941 869 1078 895 conforta-

150 913 219 936 mur,
237 910 263 930 et
277 904 312 929 ad
325 906 457 930 virtutum
471 908 498 930 et
512 913 529 923 ‹
513 903 588 935 grati
583 912 660 929 irum
678 903 837 936 proficimus
854 903 1034 942 incrementa,
1052 904 1079 928 in

151 947 206 977 quo
224 939 350 972 profecto
369 939 527 972 proficimus
547 938 633 971 ipsius
656 937 792 976 corporali
810 937 968 970 praesentia
985 938 1078 963 Salva-

150 974 226 998 toris.
261 973 324 998 Alia
347 981 481 1006 namque,
507 981 623 1005 quorum
648 972 810 997 memoriam
836 973 957 1005 agimus,
982 972 1079 1005 spiritu

150 1012 300 1045 menteque
313 1007 532 1041 complectimur,
546 1007 596 1032 sed
610 1014 664 1031 non
679 1010 792 1044 propter
805 1006 857 1031 hoc
870 1006 972 1032 realem
984 1014 1079 1032 eorum

150 1042 337 1075 praesentiam
356 1042 521 1067 obtinemus.
558 1041 585 1066 ln
604 1041 655 1066 hac
673 1041 757 1066 viero'
769 1040 962 1066 sacramentali
977 1040 1079 1065 Christi

150 1076 414 1101 commemoratione
433 1077 507 1101 Iesus
527 1075 654 1100 Christus
676 1082 808 1108 praesens
827 1075 877 1099 sub
895 1075 947 1100 alia
966 1074 1079 1108 quidem

151 1110 247 1141 forma,
269 1110 296 1135 in
314 1111 425 1144 propria
443 1118 508 1136 xero
527 1109 681 1134 substantia
703 1114 745 1134 est
763 1109 917 1134 nobiscum.
953 1108 1078 1134 Adscen-

150 1152 229 1169 surus
243 1145 317 1170 enim
330 1153 357 1170 m
371 1144 479 1170 coelum
493 1143 559 1168 dixit
573 1143 715 1176 Apostolis
729 1147 755 1168 et
769 1151 865 1168 eorum
880 1143 1064 1176 sequacibus
1057 1150 1077 1169 ¹:

149 1179 245 1211 „Ecce
262 1187 315 1211 ego
332 1179 477 1204 vobiscum
497 1186 559 1203 sum
577 1178 705 1203 omnibus
729 1177 826 1203 diebus
849 1185 938 1215 usque
956 1177 992 1202 acl
1014 1185 1078 1204 con-

150 1213 364 1238 summationem
389 1213 525 1244 saeculi,“
554 1212 675 1245 benigna
700 1212 776 1245 ipsos
802 1211 986 1245 promissione
1012 1219 1077 1236 con-

150 1247 265 1278 fortans,
284 1247 359 1280 quod
377 1250 533 1272 remaneret
551 1251 577 1271 et
597 1251 671 1271 esset
689 1254 751 1270 cum
764 1246 804 1271 eis
819 1251 901 1271 etiam
919 1246 1078 1284 praesentia

150 1281 295 1315 corporali.
332 1282 355 1307 O
370 1281 417 1306 di‹
402 1290 453 1313 ,gna
467 1286 494 1306 et
507 1288 649 1314 nunquam
667 1280 875 1305 intermittenda
888 1279 1031 1312 memoria,
1050 1280 1077 1305 in

150 1324 205 1354 qua
225 1321 343 1341 mortem
361 1321 484 1341 nostram
501 1315 648 1340 recolimus
669 1319 816 1346 mortuam,
839 1319 1020 1352 nostrumque
1038 1314 1076 1339 in-

150 1351 262 1375 teritum
281 1350 412 1381 interiise,
434 1358 465 1375 ac
487 1349 591 1382 lignum
609 1348 747 1373 vixificum
765 1349 840 1381 ligno
859 1348 946 1373 crucis
963 1348 1077 1374 affixum

149 1384 268 1409 fructum
289 1384 369 1409 nobis
391 1384 517 1409 attulisse
539 1383 648 1408 salutis!
685 1383 761 1408 Haec
784 1387 827 1408 est
848 1383 1075 1408 commemoratio

150 1418 281 1451 gloriosa,
304 1426 375 1451 quae
398 1418 520 1443 fidelium
542 1417 649 1442 animos
671 1417 760 1450 replet
782 1417 885 1449 gaudio
904 1417 1026 1448 salutari,
1049 1421 1076 1442 et

149 1461 211 1478 cum
236 1452 374 1478 infusione
398 1452 521 1477 laetitiae
544 1451 699 1477 devotionis
725 1451 850 1476 lacrimas
876 1451 1076 1476 subministrat.

148 1487 326 1512 Exsultamus
343 1487 471 1511 nimirum
489 1490 613 1511 nostram
630 1485 810 1511 memorando
826 1485 1031 1517 liberationem,
1049 1490 1077 1511 et

150 1520 299 1546 recolendo
317 1521 476 1559 passionem
495 1520 671 1551 dominicam,
690 1527 739 1557 per
753 1528 837 1552 quam
850 1519 958 1545 liberati
972 1528 1076 1552 sumus,

149 1555 193 1580 xix
211 1555 337 1580 lacrimas
354 1555 537 1580 continemus.
574 1555 603 1579 In
622 1554 673 1578 hac
687 1554 785 1592 itaque
803 1553 989 1579 sacratissima
1002 1562 1075 1579 com-

149 1589 351 1615 memoratione
376 1589 477 1614 adsunt
506 1588 587 1613 nobis
617 1588 760 1613 suavitatis
784 1587 917 1621 gaudium
943 1588 1023 1613 simul
1048 1593 1076 1614 et

150 1624 292 1655 lacrimae,
321 1624 386 1657 quia
415 1628 442 1649 et
472 1623 498 1648 in
528 1631 562 1649 ea
591 1622 799 1655 congaudemus
828 1622 1018 1654 lacrimantes,
1049 1627 1077 1649 et

149 1643 325 1683 lacrimam'ur
337 1657 391 1683 dev
393 1662 439 1683 ote
456 1656 622 1689 gaudentes,
639 1657 728 1682 laetas
745 1656 876 1682 habendo
894 1657 1031 1695 lacrimas,
1049 1661 1076 1682 et

148 1692 283 1718 laetitiam
312 1692 511 1717 lacrimantem.
559 1692 630 1716 Nam
655 1695 682 1716 et
707 1699 768 1722 cor,
797 1690 903 1723 ingenti
932 1690 1076 1729 perfusum

149 1726 261 1765 gaudio,
284 1726 380 1752 dulces
401 1734 451 1760 per
473 1726 568 1751 oculos
590 1725 675 1750 stillat
692 1729 794 1757 guttas.
831 1726 854 1750 O
873 1725 957 1750 divini
975 1725 1076 1751 amoris

150 1761 335 1792 immensitas,
371 1760 482 1786 divinae
514 1759 625 1793 pietatis
662 1759 929 1797 superabundantia,
967 1759 1077 1785 divinae

150 1795 293 1820 affluentia
316 1795 464 1827 largitatis!
500 1794 587 1820 Dedit
611 1793 685 1819 enim
708 1793 789 1819 nobis
811 1793 948 1818 Dominus
974 1794 1076 1826 omnia,

150 1833 255 1862 quaen
279 1829 394 1855 subiecit
416 1829 467 1854 sub
490 1828 608 1862 pedibus
631 1828 742 1859 nostris,
765 1832 792 1852 et
810 1828 911 1865 super’
933 1827 1076 1853 universas

149 1869 239 1889 terrae
261 1868 401 1889 creaturas
423 1862 538 1888 contulit
559 1862 639 1887 nobis
663 1861 776 1887 dominii
802 1861 994 1899 principatum.
1036 1862 1076 1886 Ex

150 1898 280 1923 ministris
299 1897 383 1923 etiam
401 1897 547 1930 spirituum
565 1896 738 1929 superiorum
756 1895 883 1920 nobilitat
901 1900 929 1921 et
947 1895 1077 1921 sublimat

150 1932 268 1957 hominis
287 1931 460 1964 dignitatem.
496 1930 730 1955 Administratorii
753 1938 873 1963 namque
895 1934 958 1955 sunt
980 1938 1077 1956 omnes

150 1967 177 1991 in
206 1966 403 1997 ministerium,
436 1969 551 1998 propter
584 1972 646 1996 eos,
680 1965 727 1997 qui
761 1964 946 1990 hereditatem
979 1964 1076 1989 salutis

150 2000 299 2038 capiuntlg'
317 1999 456 2025 destinati.
492 2000 527 2024 Et
541 2007 626 2032 quum
644 2004 700 2023 tim
718 1998 833 2036 copiosa
851 1998 933 2024 fuerit
946 2006 1013 2031 erga
1025 2006 1076 2023 nos

150 2043 209 2060 eius
223 2033 417 2065 munificentia,
435 2033 530 2058 volens
549 2033 639 2058 adhuc
657 2033 718 2066 ipse
735 2041 762 2057 in
776 2032 856 2057 nobis
870 2041 948 2058 suam
961 2033 1076 2058 exuber-

150 2074 242 2094 antem
265 2068 408 2093 caritatem
430 2068 580 2101 praecipua
604 2067 770 2092 liberalitate
794 2072 962 2098 monstrare,
988 2071 1077 2092 semet

150 2103 239 2136 ipsum
253 2103 332 2128 nobis
347 2102 478 2133 exhibuit,
496 2107 523 2127 et
537 2101 736 2127 transcendens
750 2109 861 2126 omnem
875 2101 1077 2134 plenitudinem

149 2137 294 2169 largitatis,
312 2145 422 2162 omnem
439 2135 554 2161 modum
569 2135 725 2161 dilectionis
743 2135 890 2167 excedens,
908 2135 1033 2160 attribuit
1046 2143 1077 2161 se

151 2171 178 2196 in
192 2172 292 2196 cibum.
318 2172 341 2196 O
356 2171 406 2195 sin
399 2170 500 2203 gularis
512 2175 538 2195 et
549 2169 713 2195 admiranda
726 2169 888 2201 liberalitas,
902 2169 947 2195 ubi
959 2169 1077 2195 donator

151 2206 225 2231 venit
248 2206 273 2230 in
295 2205 409 2236 donum,
432 2210 459 2230 et
482 2204 576 2229 <latum
598 2208 640 2229 est
663 2203 737 2229 idem
755 2204 866 2237 penitus
885 2212 947 2229 cum
966 2203 1076 2229 datore!

151 2240 240 2265 Ouam
253 2239 329 2271 larga
343 2243 370 2264 et
382 2238 490 2272 prodig
485 2238 564 2263 ilar
555 2239 601 2271 git¹
603 2246 636 2269 ι5,
651 2246 736 2271 quum
750 2237 844 2263 tribuit
855 2238 917 2271 quis
928 2246 958 2263 se
972 2238 1076 2271 ipsum!

150 2268 236 2299 Dedit
258 2273 341 2306 igitur
362 2273 442 2298 nobis
465 2280 496 2298 se
518 2272 545 2297 in
567 2272 713 2310 pabulum,
736 2277 778 2303 ut,
802 2272 867 2305 quia
888 2280 938 2306 per
958 2276 1078 2298 mortem

150 2309 235 2333 homo
257 2312 406 2339 corruerat,
429 2311 457 2332 et
479 2315 528 2339 per
551 2307 641 2331 cibum
664 2306 724 2339 ipse
743 2307 913 2331 relevaretur
930 2306 965 2331 ad
985 2306 1078 2332 vitam.

150 2342 258 2368 Cecidit
280 2341 363 2366 homo
389 2349 439 2374 per
460 2342 551 2366 cibum
577 2340 642 2373 ligni
667 2340 848 2372 mortiferum,
872 2341 1012 2366 relevatus
1036 2345 1079 2366 est

150 2377 234 2402 homo
248 2384 298 2409 per
311 2375 402 2400 cibum
416 2375 480 2407 ligni
494 2384 509 2399 Ἰ
513 2375 593 2400 italis.
629 2375 657 2399 In
676 2374 720 2399 illo
739 2374 874 2407 pependit
892 2383 956 2400 esca
969 2375 1078 2405 mortis3

150 2411 178 2436 in
191 2410 243 2436 isto
250 2410 391 2448 pependit
404 2418 418 2433 Ἰ
423 2409 477 2434 itae
490 2409 661 2434 alimentum
698 2408 773 2433 Illius
791 2417 855 2434 esus
869 2409 967 2434 meruit
980 2409 1079 2434 laesio-

150 2453 226 2474 nem;
249 2444 329 2469 istius
352 2452 367 2463 1
372 2449 449 2469 ustus
471 2443 559 2468 intulit
577 2443 872 2468 sanit¹ite1n.(justus
891 2443 1034 2475 sauciavit,
1052 2448 1079 2469 et

151 2485 248 2511 gustus
266 2478 382 2503 sanavit.
419 2478 442 2502 V
446 2477 499 2507 ide,
514 2478 587 2510 quia,
601 2476 674 2502 unde
688 2477 786 2502 vulnus
804 2482 846 2502 est
864 2481 963 2509 ortum,
977 2477 1080 2510 prodiit

151 2519 179 2539 et
192 2512 312 2544 medela,
325 2518 363 2544 et,
377 2512 449 2537 unde
462 2520 536 2536 mors
550 2511 643 2542 subiit,
657 2511 755 2536 exinde
768 2511 824 2536 vita
838 2512 939 2537 evenit.
974 2512 1018 2537 De
1032 2511 1078 2537 illo

153 2546 292 2585 siquidem
302 2552 384 2579 gustu
396 2546 536 2571 dicitur¹¹z
550 2546 746 2596 „Qualcunque
757 2545 802 2570 die
813 2545 979 2578 comederis,
989 2550 1079 2571 morte

152 2581 314 2611 morieris;“
328 2581 363 2606 de
377 2581 430 2606 isto
443 2588 509 2606 xero
524 2580 638 2613 legitur1
642 2581 664 2604 ‘-:
679 2579 723 2610 „si
738 2579 799 2612 quis
814 2580 967 2605 comederit
979 2588 1012 2605 ex
1026 2580 1079 2605 hoc

152 2624 234 2648 pane,
251 2624 294 2640 ἸιἸ
298 2620 324 2640 et
342 2615 367 2640 in
385 2615 548 2640 aeternum!
595 2614 645 2638 Hic
662 2618 703 2638 est
721 2613 807 2644 cibus,
822 2614 868 2646 qui
887 2614 969 2647 plene
983 2614 1079 2646 reficit,

152 2658 216 2675 vere
234 2649 317 2674 nutrit
334 2657 498 2687 summeque
515 2648 678 2682 impinguat,
691 2655 746 2672 non
763 2656 873 2680 corpus,
887 2648 937 2673 sed
955 2656 1011 2679 cor,
1025 2657 1079 2673 non

153 2692 272 2715 carnem,
291 2683 340 2708 sed
361 2683 490 2714 animam,
506 2691 561 2707 non
580 2686 715 2713 ventrem,
733 2681 783 2707 sed
800 2686 931 2707 mentem.

153 2726 229 2749 ergo,
264 2717 289 2742 ui
303 2718 436 2750 spirituali
450 2717 578 2742 alimonia
596 2716 747 2748 indigebat,
761 2715 824 2740 Salv
827 2721 888 2740 ator
902 2716 962 2749 ipse
975 2716 1080 2742 miseri-

154 2760 215 2776 sors
222 2727 274 2777 dle
297 2751 424 2776 nobiliori
446 2756 473 2776 et
496 2750 643 2788 potentiori
666 2749 745 2775 liuius
767 2749 861 2774 mundi
879 2749 1010 2775 alimento
1029 2759 1079 2784 pro

154 2786 259 2811 animae
273 2785 424 2811 refectione
438 2785 482 2818 pia
495 2784 679 2822 dispositione
692 2783 956 2817 proi1d1t1)ecens
967 2793 1080 2822 quoque

154 2820 313 2845 libertalitas
339 2820 455 2851 exstitit,
477 2824 505 2844 et
531 2818 728 2844 c011veniens¹·⁵
751 2817 876 2851 operatio
902 2818 1026 2851 pietatis,
1051 2823 1081 2844 ut

154 2862 170 2877 Ἰ
173 2854 268 2879 erbum
282 2854 335 2880 Dei
348 2858 500 2886 aeternum,
514 2853 590 2887 quod
607 2852 777 2878 rationabilis
791 2856 934 2878 creaturae
947 2852 1025 2878 cibus
1038 2858 1081 2879 est

207 2991 258 3008 sit.
274 2991 330 3009 XVI.
359 2991 420 3021 (¹:113.
435 2997 472 3010 un.
499 2989 837 3014 5)111r.XX11.10.4;)erg0·A:

158 3016 213 3033 XXV
217 3016 254 3035 111
265 3018 295 3034 2¹.ss
348 3018 368 3036 bl
378 3018 429 3039 quia
439 3017 478 3035 sul
482 3018 514 3035 ion
518 3017 533 3035 it
543 3017 629 3035 omnia.
644 3012 727 3035 wlsi!
726 3016 746 3034 'F
783 3017 803 3037 A)
814 3016 915 3039 insuper:
930 3014 965 3033 ,11)

158 3041 231 3062 pium:
246 3041 279 3059 Al!
319 3042 386 3060 11¹1?ae
407 3043 450 3062 ,ΙΙ
461 3044 491 3061 17.
542 3041 716 3065 ..)1m1V1:‘1:l-

158 3066 189 3088 11,
201 3067 315 3086 rationali:
328 3067 379 3086 [sch
424 3069 455 3092 151)
470 3067 514 3087 Io]-
530 3068 566 3091 w,
580 3068 611 3087 56.
657 3069 689 3091 lti)
704 3068 734 3086 si:
750 3066 817 3087 luel:
831 3067 864 3087 lsC

852 2990 928 3012 initur:
945 2989 960 3007 (l
984 2989 1083 3037 7)],1Ιςιίὶ1μ

1017 3018 1029 3034 0
1048 3021 1083 3033 cu-

546 246 867 273 CLEMENTINARUM
885 246 950 272 Liss.
969 246 1013 272 111.
1033 246 1102 272 UT.
1121 246 1194 273 xvi.
1213 246 1264 272 DE
1282 245 1463 280 RELIQUIIS
1482 249 1535 272 etc.
1554 253 1578 272 c.
1597 253 1641 271 un.

967 2682 1078 2707 Homini
1096 2690 1098 2701 ’ν

771 3042 803 3064 13)
814 3047 858 3060 non
870 3041 1039 3060 inconveniens:
1054 3040 1086 3059 AC
1118 3042 1150 3063 2:⁴1)
1162 3042 1195 3060 in:
1210 3042 1277 3060 sltem:
1291 3041 1324 3061 Ac

906 3066 937 3091 U)
953 3068 974 3086 et
988 3066 1038 3086 dih:
1052 3066 1086 3086 AC

1976 241 2044 269 1176

1115 328 1142 350 et
1160 323 1284 355 resectio,
1298 323 1401 349 sactum
1420 330 1493 354 cam,
1506 329 1537 348 se
1553 321 1738 348 rationabili¹¹
1760 326 1903 348 creaturae
1924 319 1998 346 carni
2016 323 2044 345 et

1115 358 1232 396 corpori,
1255 358 1358 383 homini
1385 357 1528 388 videlicet,
1550 356 1578 381 in
1604 355 1726 382 edulium
1749 356 1904 389 largiretur.
1940 355 2043 380 Panem

1115 400 1189 418 enim
1210 392 1372 425 angelorum
1394 390 1571 416 manducavit
1589 390 1681 422 homo,
1694 395 1722 416 et
1739 390 1803 416 ideo
1821 390 1946 416 Salvator
1963 388 2042 414 ait15.

1115 426 1210 458 „Caro
1228 435 1291 452 mei
1308 434 1372 451 vere
1390 430 1433 451 est
1450 425 1537 450 cibus.
1540 426 1556 438 ‘⁴
1592 424 1644 449 Hic
1666 424 1744 458 panis
1766 424 1921 455 sumitur‚s
1908 423 1960 449 sed
1977 430 2043 448 vere

1115 468 1170 485 non
1184 460 1362 492 consumitur,
1375 459 1565 490 manducatur,
1579 457 1629 483 sed
1645 466 1701 483 non
1718 463 1924 490 transmutatur,
1938 456 2003 496 quia
2015 456 2043 481 in

1115 494 1246 520 edentem
1267 494 1380 520 minime
1402 492 1621 524 transformatur,
1643 492 1702 524 sed,
1724 492 1776 518 silG
1797 493 1881 526 digne
1903 491 2042 525 recipitur,

1115 528 1167 554 sibi
1185 529 1321 562 recipiens
1338 527 1534 553 conformatur.
1570 526 1594 552 O
1609 526 1870 552 excellentissimum
1887 533 2043 551 sacramen-

1116 563 1185 588 tum!
1208 563 1232 588 O
1245 563 1429 594 adorandum,
1443 560 1641 591 venerandum,
1654 560 1811 593 colendum,
1824 559 2043 598 glorificandum,

1115 597 1270 630 praecipuis
1292 596 1420 627 manniti<
1423 596 1526 621 andum
1550 594 1688 625 laudibus,
1709 594 1800 627 dignis
1821 594 1976 628 praeconiis
1998 602 2043 619 ex-

1115 630 1266 662 altandum,
1284 631 1389 656 <unctis
1408 629 1599 655 honorandum
1618 628 1726 660 studiis,
1745 628 1853 654 devotis
1871 636 2043 662 prosequen-

1115 664 1180 689 dum
1194 665 1336 698 obsequiis
1350 670 1378 690 et
1397 664 1511 689 sinceris
1525 663 1663 688 mentibus
1677 648 1864 688 retinendum!
1902 663 1926 689 O
1939 669 2043 688 memo-

1115 698 1182 724 riale
1210 699 1414 724 nobilissimum
1447 697 1550 723 intimis
1583 696 1836 722 commendandum
1863 696 2044 735 praecordiis,

1115 732 1229 758 firmiter
1254 733 1346 758 animo
1373 732 1556 765 alligandum,
1583 730 1760 763 diligenter¹7
1789 731 1987 756 reservandum
2016 730 2044 755 in

1115 767 1206 792 cordis
1228 771 1306 792 utero
1326 771 1353 793 et
1370 766 1562 798 meditatione,
1579 773 1612 791 ac
1629 764 1817 791 celebratione
1835 765 1933 790 sedula
1949 772 2042 790 recen-

1114 801 1243 826 sendum!
1280 801 1368 826 Huius
1386 800 1553 826 memorialis
1571 799 1730 825 continuam
1749 798 1883 825 debemus
1901 799 2043 825 celebrare

1115 835 1287 866 memoriam,
1306 840 1334 860 ut
1348 835 1428 867 illius,
1447 835 1524 860 cuius
1538 834 1629 867 ipsum
1647 833 1706 859 fore
1725 833 1886 859 memoriale
1899 832 2043 866 cognosci-

1114 869 1214 900 musffl,
1228 877 1339 903 semper
1356 877 1494 894 memores
1512 869 1688 899 exsistamus‚
1702 867 1776 900 quia,
1789 867 1866 893 cuius
1882 867 1986 893 donum
1998 867 2043 893 vel

1114 911 1213 928 munus
1227 903 1398 936 frequentius
1411 903 1571 936 adspicitur,
1585 902 1664 927 huius
1682 901 1817 927 memoria
1835 901 1954 927 strictius
1962 901 1984 920 19
2001 909 2043 927 re-

1115 937 1225 962 tinetur.
1261 937 1337 962 Licet
1355 937 1437 970 igitur
1454 937 1508 962 hoc
1524 936 1684 962 memoriale
1698 940 1902 961 sacramentum
1914 936 1941 961 in
1955 935 2044 969 quoti-

1115 971 1203 996 dianis
1221 971 1369 996 missarum
1390 971 1522 996 solenniis
1541 971 1745 1004 freqtuentetur
1767 970 1934 996 conveniens
1951 973 2045 996 tamen

1114 1005 1280 1030 arbitramur
1297 1009 1325 1031 et
1343 1005 1466 1038 dignum,
1480 1010 1509 1030 ut
1527 1005 1562 1030 de
1579 1005 1640 1038 ipso
1658 1004 1746 1030 semel
1763 1004 1884 1030 saltem
1878 1012 1906 1029 in
1922 1011 1994 1029 anno
2007 1003 2044 1029 ad

1115 1039 1340 1065 confundendam
1369 1039 1527 1072 specialiter
1555 1039 1758 1065 haereticorum
1783 1038 1928 1072 perfidiam
1953 1042 1982 1064 et
2004 1038 2044 1063 in-

1114 1073 1220 1099 saniam
1244 1073 1378 1099 memoria
1399 1073 1538 1099 solennior
1559 1077 1587 1099 et
1608 1073 1744 1099 celebrior
1765 1072 1910 1098 habeatur.
1945 1073 1976 1098 In
1997 1071 2044 1098 die

1114 1116 1234 1141 namque
1247 1115 1352 1133 coenae
1363 1107 1483 1139 Domini,
1495 1115 1550 1141 quo
1562 1107 1625 1133 die'
1620 1115 1696 1141 ipse·
1686 1108 1710 1125 '20
1720 1106 1846 1132 Christus
1859 1107 1913 1132 hoe
1925 1106 2044 1132 instituit

1114 1146 1326 1174 sacramentum,
1344 1141 1508 1167 universalis
1525 1141 1644 1167 ecclesia
1660 1149 1711 1174 pro
1728 1141 1931 1175 poenitentium
1947 1149 2044 1167 recon-

1113 1176 1262 1208 ciliatione,
1280 1176 1349 1201 sacri
1367 1175 1542 1201 confectione
1562 1175 1726 1206 chrismatis,
1744 1175 1946 1209 adimpletione
1966 1183 2043 1201 man-

1114 1210 1180 1243 dati,
1192 1210 1263 1236 circa
1273 1210 1407 1235 lotionem
1418 1209 1523 1243 pedum
1533 1213 1560 1235 et
1573 1209 1633 1235 aliis
1647 1209 1802 1248 plurimum*
1805 1214 1950 1243 occupata,
1960 1209 2044 1243 plene

1113 1253 1211 1270 vacare
1232 1253 1289 1270 non
1311 1248 1405 1278 potest
1427 1243 1607 1269 celebrationi
1628 1243 1709 1269 huius
1731 1243 1842 1269 maximi
1868 1244 2043 1270 sacramenti.

1113 1280 1173 1304 Hoc
1186 1279 1260 1304 enim
1274 1279 1346 1304 circa
1358 1282 1480 1310 sanctos,
1494 1286 1564 1311 quos
1582 1285 1632 1311 per
1649 1278 1712 1303 anni
1726 1278 1857 1303 circulum
1869 1286 2045 1310 veneramur,

1112 1314 1172 1347 ipsa
1185 1313 1316 1339 observat
1333 1312 1460 1345 ecclesia,
1472 1316 1511 1344 ut,
1530 1312 1667 1350 (quamvis
1686 1312 1713 1337 in
1734 1311 1843 1338 letaniis
1861 1317 1889 1338 et
1905 1312 2045 1338 missis21*

1111 1356 1143 1372 ac
1153 1347 1213 1373 aliis
1225 1347 1309 1373 etiam
1319 1347 1442 1386 ipsorum
1452 1355 1616 1372 memoriam
1627 1346 1739 1379 saepius
1750 1347 1936 1379 renovemus,)
1946 1346 2044 1372 nihilo-

1111 1382 1201 1407 minus
1226 1386 1319 1407 tamen
1342 1381 1466 1415 ipsorum
1487 1381 1613 1406 natalitia
1637 1381 1718 1406 certis
1745 1380 1843 1406 diebus
1868 1389 1919 1414 per
1941 1389 2044 1407 annum

1112 1416 1252 1441 solennius
1271 1416 1417 1448 recolat22'‚
1436 1415 1508 1441 festa
1524 1419 1643 1453 propter
1664 1415 1717 1440 hoc
1735 1414 1842 1440 eisdem
1861 1415 1960 1441 diebus
1982 1423 2044 1449 spe-

1112 1450 1191 1475 cialia
1212 1449 1390 1476 celebrando.
1426 1450 1462 1474 Et
1484 1449 1549 1482 quia
1571 1458 1598 1474 ιιι
1618 1449 1661 1474 his
1680 1448 1758 1474 festis
1777 1449 1850 1474 circa
1871 1449 2044 1476 solennitatis

1112 1485 1237 1510 debitum
1250 1484 1356 1518 aliquid
1369 1492 1420 1518 per
1432 1483 1642 1517 negligentiam,
1655 1487 1702 1508 aut
1718 1483 1757 1509 rei
1772 1483 1913 1509 familiaris
1927 1491 2045 1522 occupa-

1112 1519 1225 1551 tionem,
1236 1523 1283 1543 aut
1293 1519 1362 1544 alias
1373 1526 1406 1544 ex
1416 1518 1537 1543 humana
1549 1503 1698 1551 fragilitate
1712 1517 1860 1543 omittitur:
1874 1518 1971 1543 statuit
1983 1527 2046 1552 ipsa

1112 1558 1200 1578 mater
1214 1553 1332 1579 ecclesia
1345 1556 1449 1578 certam
1463 1552 1564 1584 diem,
1558 1560 1586 1577 ιιι
1599 1560 1654 1585 qua
1666 1551 1834 1585 generaliter
1847 1552 1970 1578 omnium
1982 1560 2045 1578 san-

1112 1592 1219 1613 ctorum
1232 1586 1460 1613 commemoratio
1472 1586 1560 1618 fieret,
1571 1590 1601 1612 ut
1613 1595 1641 1611 in
1654 1586 1725 1612 hac*
1719 1594 1844 1620 ipsorum
1857 1586 2046 1613 celebratione

1111 1621 1250 1647 communi
1270 1621 1403 1655 quicquid
1421 1621 1448 1646 in
1467 1620 1588 1659 propriis
1606 1620 1731 1659 ipsorum
1750 1620 1948 1647 festivitatibus
1963 1621 2046 1647 omis-

1112 1664 1173 1681 sum
1183 1656 1330 1681 exsisteret
1343 1655 1506 1681 solveretur.
1530 1654 1677 1681 Potissime
1688 1655 1772 1693 igitur
1781 1655 1992 1694 exsequendum
2002 1659 2046 1682 est

1112 1698 1178 1723 erga
1195 1691 1248 1716 hoc
1265 1690 1404 1715 vivificum
1422 1693 1626 1715 sacramentum
1641 1689 1765 1728 corporis
1783 1693 1811 1715 et
1828 1689 1970 1723 sanguinis
1983 1690 2046 1716 Iesu

1113 1724 1225 1757 Christi,
1236 1724 1281 1758 qui
1296 1728 1339 1750 est
1352 1728 1512 1749 sanctorum
1525 1723 1649 1749 omnium
1661 1723 1751 1757 gloria
1764 1728 1792 1749 et
1805 1731 1916 1756 corona,
1927 1728 1957 1749 ut
1969 1723 2046 1750 festi-

1112 1758 1197 1784 vitate
1219 1767 1252 1784 ac
1273 1758 1435 1784 celebritate
1458 1757 1634 1796 praefulgeat
1656 1744 1780 1791 speciali,
1802 1762 1940 1791 quatenus
1962 1758 1990 1784 in
2010 1766 2046 1785 eo

1113 1793 1207 1826 quod'
1202 1801 1229 1818 1n
1241 1793 1301 1818 aliis
1314 1793 1463 1818 missarum
1473 1792 1571 1817 officiis
1582 1791 1654 1817 circa
1664 1792 1860 1818 solennitatem
1874 1796 1917 1818 est
1929 1791 2046 1819 forsitan

1112 1827 1341 1860 praetermissum
1353 1827 1456 1852 devota
1469 1826 1615 1859 diligentia
1627 1826 1799 1864 suppleatur,
1809 1830 1838 1852 et
1852 1826 1959 1859 fideles,
1969 1826 2046 1853 festi-

1112 1862 1197 1887 vitate
1210 1861 1270 1894 ipsa
1284 1861 1413 1892 instante,
1423 1860 1495 1886 intra
1507 1868 1538 1886 se
1551 1860 1704 1894 praeterita
1713 1865 1911 1893 memorantes,
1922 1861 1960 1893 id,
1970 1861 2046 1900 quod

1112 1896 1139 1921 in
1152 1895 1219 1929 ipsis
1233 1895 1381 1920 missarum
1394 1895 1536 1926 solenniis,
1550 1894 1738 1920 saecularibus
1756 1894 1848 1920 forsan
1866 1880 2003 1928 agendis'
1997 1904 2046 1921 im-

1112 1930 1208 1964 pliciti,
1221 1934 1269 1955 aut
1281 1929 1349 1955 alias
1363 1937 1396 1955 ex
1410 1929 1581 1962 negligentia
1594 1929 1639 1954 vel
1658 1928 1808 1961 fragilitate
1821 1929 1943 1955 humana
1955 1930 2046 1956 minus

1112 1964 1194 2002 plene
1207 1967 1363 1997 gesserunt,
1377 1967 1441 1988 tunc
1459 1967 1565 1988 attente
1578 1963 1605 1988 in
1622 1963 1778 1989 humilitate
1795 1963 1908 1997 spiritus
1921 1967 1950 1989 et
1962 1964 2046 1990 animi

1112 1999 1232 2032 puritate
1245 2002 1410 2024 restaurent.
1436 1997 1624 2023 Intelleximus
1637 2001 1731 2023 autem
1744 1997 1820 2030 olim,
1831 1997 1914 2023 dum
1908 2006 1936 2023 in
1946 1998 2047 2024 minori

1112 2040 1238 2058 essemus
1252 2032 1345 2057 officio
1359 2031 1511 2063 constituti,
1525 2031 1601 2064 quod
1614 2031 1704 2057 fuerat
1722 2031 1897 2071 quibusdam
1903 2032 2046 2059 catholicis

1113 2066 1243 2092 (ὶίἸίιἸιῑιι5
1257 2067 1419 2098 revelatum,
1430 2065 1532 2091 festum
1542 2065 1699 2091 huiusmodi
1713 2065 1897 2099 generaliter
1891 2074 1918 2092 in
1928 2067 2047 2093 ecclesia

1113 2100 1321 2126 celebrandum.
1357 2101 1414 2126 Nos
1429 2100 1523 2133 itaque
1537 2100 1573 2125 ad
1590 2100 1846 2126 corroborationem
1859 2105 1888 2126 et
1903 2101 2047 2127 exaltatio-

1112 2143 1176 2160 nem
1187 2135 1340 2160 catholicae
1351 2135 1426 2166 fidei,
1437 2134 1521 2168 digne
1531 2142 1563 2160 ac
1574 2134 1775 2160 rationabiliter
1785 2134 1912 2161 duximus
1924 2139 2047 2162 statuen-

1114 2169 1188 2201 dum,
1206 2173 1235 2194 ut
1254 2169 1289 2194 de
1311 2173 1387 2194 tanto
1410 2172 1584 2194 sacramento
1603 2173 1715 2202 praeter
1733 2169 1924 2202 quotidianam
1941 2177 2047 2196 memo-

1113 2204 1190 2235 riam,
1209 2212 1293 2242 quam
1315 2203 1350 2229 de
1372 2203 1433 2242 ipso
1455 2203 1521 2228 facit
1543 2203 1669 2235 ecclesia,
1688 2203 1830 2228 solennior
1851 2207 1879 2230 et
1900 2203 2048 2237 specialior

1113 2238 1255 2263 annuatim
1268 2238 1404 2263 memoria
1417 2237 1580 2268 celebretur,
1592 2241 1698 2263 certum
1708 2237 1744 2263 ad
1757 2237 1810 2263 hoc
1823 2238 2005 2276 designantes
2019 2243 2048 2264 et

1114 2272 1306 2298 describentes
1319 2272 1404 2303 diem,
1416 2271 1545 2297 videlicet
1559 2271 1657 2297 feriam
1671 2271 1797 2310 quintam
1814 2272 1970 2305 proximam
1982 2277 2048 2306 post

1114 2311 1241 2332 octavam
1263 2306 1482 2337 Pentecoste523‚
1505 2309 1534 2330 ut
1556 2305 1612 2330 in²4
1634 2305 1695 2339 ipsa
1717 2306 1812 2339 quinta
1837 2306 1907 2331 feria
1928 2306 2048 2333 devotae

1114 2341 1212 2366 turbae
1230 2340 1355 2366 fidelium
1372 2344 1487 2373 propter
1503 2340 1556 2364 hoc
1574 2339 1610 2365 ad
1628 2340 1761 2366 ecclesias
1768 2340 1791 2358 :5
1812 2340 1965 2366 affectuose
1982 2349 2047 2367 con-

1114 2379 1233 2407 currant,
1251 2379 1278 2400 et
1300 2379 1357 2400 tam
1374 2374 1466 2399 clerici
1488 2382 1572 2407 quam
1594 2374 1691 2412 populi
1713 2374 1870 2407 gaudentes
1891 2374 1919 2400 in
1941 2376 2048 2401 cantica

1114 2409 1227 2434 laudum
1244 2413 1367 2441 surgant.
1402 2409 1481 2433 Tunc
1499 2408 1574 2434 enim
1593 2416 1715 2434 omnium
1732 2408 1818 2434 corda
1831 2413 1859 2434 et
1871 2413 1945 2442 vota,
1959 2417 2007 2435 ora
2019 2413 2048 2435 et

1115 2443 1189 2468 labia
1210 2443 1328 2476 hymnos
1350 2443 1511 2476 persolvant
1528 2442 1650 2468 laetitiae
1673 2443 1810 2468 salutaris.
1847 2444 1925 2468 Tunc
1946 2444 2047 2477 psallat

1115 2477 1194 2509 fides,
1205 2486 1270 2511 spes
1282 2477 1424 2510 tripudiet,
1435 2477 1555 2502 exsultet
1569 2477 1678 2509 caritas,
1690 2477 1802 2502 devotio
1816 2477 1939 2510 plaudat,
1949 2478 2047 2504 iubilet

1114 2512 1228 2544 chorus,
1256 2511 1362 2545 puritas
1395 2510 1570 2536 iucundetur
1606 2511 1683 2536 Tunc
1713 2511 1814 2544 singuli
1842 2511 1925 2537 alacri
1954 2512 2046 2538 animo

1114 2554 1260 2579 pronaque
1277 2545 1421 2571 voluntate
1438 2545 1613 2577 conveniant,
1631 2553 1681 2571 sua
1698 2545 1792 2571 studia
1808 2545 1984 2572 laudabiliter
2001 2554 2047 2572 ex-

1115 2580 1268 2613 sequendo,
1290 2579 1356 2605 tanti
1379 2579 1443 2605 festi
1465 2579 1591 2617 solennia
1608 2579 1792 2605 celebrantes.
1827 2580 1863 2605 Et
1885 2580 1989 2606 utinam
2009 2580 2047 2606 ad

1116 2614 1216 2639 Christi
1238 2613 1380 2640 servitium
1402 2614 1441 2639 sic
1462 2613 1521 2639 eius
1543 2613 1640 2639 fideles
1661 2614 1745 2639 ardor
1763 2614 1924 2646 inflammet,
1943 2619 1976 2640 ut
1997 2622 2048 2648 per

1114 2648 1183 2674 haec
1188 2648 1212 2666 ¹26
1229 2653 1256 2674 et
1273 2648 1326 2673 alia
1344 2647 1552 2686 proficientibus
1569 2647 1637 2686 ipsis
1654 2648 1816 2674 meritorum
1833 2634 1948 2674 cumulis
1971 2648 2047 2687 apud

1115 2691 1188 2714 eum,
1202 2682 1248 2716 qui
1261 2690 1341 2708 sese
1331 2682 1354 2700 '⁷
1368 2682 1445 2708 dedit
1463 2690 1513 2715 pro
1527 2682 1568 2708 eis
1581 2682 1609 2707 in
1627 2682 1756 2720 pretium,
1770 2682 1922 2716 tribuitque
1934 2690 1966 2708 se
1979 2682 2047 2720 ipsis

1116 2717 1142 2741 in
1163 2716 1306 2750 pabulum,
1326 2716 1439 2742 tandem
1462 2720 1526 2749 post
1551 2716 1632 2742 huius
1654 2716 1728 2742 ritae
1750 2717 1899 2742 decursum
1918 2717 1958 2742 eis
1971 2724 2002 2742 se
2018 2724 2047 2741 in

1115 2751 1270 2784 praemium
1283 2750 1423 2789 largiatur.
1459 2751 1583 2784 Ideoque
1596 2750 1806 2777 universitatem
1818 2755 1939 2777 vestram
1951 2758 2046 2776 mone-

1116 2793 1177 2810 mus
1199 2790 1226 2810 et
1247 2785 1389 2810 hortamur
1410 2784 1437 2810 in
1455 2785 1586 2816 Domino,
1604 2788 1632 2810 et
1652 2793 1704 2818 per
1721 2785 1875 2819 apostolica
1896 2784 1998 2818 scripta
2018 2784 2046 2810 in

1116 2819 1217 2844 virtute
1239 2823 1352 2845 sanctae
1369 2819 1548 2845 obedientiae
1570 2818 1695 2845 districte
1716 2819 1914 2858 praecipiendo
1932 2817 2046 2844 manda-

1116 2861 1186 2886 mus,
1204 2853 1231 2878 in
1249 2861 1458 2880 remissionem
1448 2853 1472 2871 ’⁸
1492 2853 1685 2887 peccaminum
1706 2853 1891 2887 iniungentes,
1909 2856 2046 2886 quatenus

1122 2989 1153 3012 lS)
1163 2991 1318 3014 eognovimus:

1121 3016 1179 3034 mii-s.
1186 3023 1192 3035 ι
1207 3015 1311 3035 ABL'EFH

1334 2990 1388 3010 BDE
1451 2990 1483 3013 19)
1494 2991 1626 3010 districtius:
1641 2989 1708 3009 ABGD
1772 2988 1887 3013 2o)1esus:
1902 2988 1920 3007 B
1979 2988 2012 3011 21)
2023 2989 2046 3009 in

1357 3016 1391 3052 22)
1400 3015 1558 3055 {⁰⁰J'¹it²„‘¹73({
1597 3016 1630 3049 33)
1641 3015 1703 3053 “dfff
1711 3015 1818 3060 li’rgidlgll?
1829 3015 1956 3063 εοιῃιὲξῖιέἰιιι
1963 3014 2051 3060 2²:221}

1118 3068 1150 3091 25)
1162 3067 1309 3088 add..¹v01‚is:
1324 3067 1372 3088 Λευ
1386 3042 1419 3066 20)
1430 3043 1559 3062 ecclesiam.
1573 3041 1604 3060 Ac
1667 3041 1701 3064 A..)
1726 3046 1738 3060 ο
1758 3054 1763 3059 .
1872 3051 1883 3059 ι.
1945 3054 1950 3059 .
2024 3052 2030 3061 1
