2243 3288
186 245 236 275 173

188 330 278 352 toturn
299 324 442 358 negotium
462 324 508 350 alii
530 324 619 359 possit
641 324 815 350 committere
840 322 1024 357 delegatuslss,
1049 323 1120 348 sicut

188 360 316 394 superius
335 364 378 385 est
400 367 572 393 expressum,
595 359 733 384 citationis
751 359 874 384 officium
895 362 989 392 potest
1007 357 1119 383 cuilibet

189 394 357 420 discretione
373 393 487 427 praevia
504 393 685 425 demandare,
707 401 738 419 ac
761 393 857 427 punire
879 393 978 418 merito
997 396 1119 417 contem-

189 433 307 462 ptorem.
344 427 398 463 [Ex
413 432 487 461 parte
503 433 547 452 tua
564 432 610 452 etc.
630 427 675 460 (cf.
690 437 710 452 c.
728 435 766 453 11.
785 428 814 452 de
827 426 871 460 offi
886 428 935 452 iud.
951 427 1004 451 ord.
1019 427 1040 451 I.
1055 424 1119 460 31.)]

189 463 233 496 (Et
246 462 341 494 infirm)
360 461 382 496 ξ.
396 470 419 487 2.
443 463 591 488 Praeterea
612 462 760 495 postulasti
779 470 826 495 per
847 462 930 486 sedem
951 461 1119 494 apostolicam

188 497 295 527 edoceri,
318 497 378 529 si14,
405 505 490 530 quum
510 505 527 521 a
549 496 687 522 sententia
708 496 765 521 lata
789 496 954 521 auctoritate
978 495 1121 520 literarum

189 536 355 562 nostrarum,
373 531 400 556 in
418 531 519 564 quibus
537 530 688 564 appellatio
703 535 745 556 est
758 530 883 561 inhibita,
902 529 985 555 fuerit
998 529 1120 563 appella-

189 570 256 597 tum,
275 570 303 591 et
319 565 417 591 literae
435 569 498 598 post
515 565 734 598 appellationem
751 564 787 590 ad
804 564 910 590 iudices
928 564 997 589 alios
1011 571 1121 589 emana-

189 600 288 631 verint,
305 599 385 624 an¹5*
403 599 439 624 ad
456 599 618 624 mandatum
636 598 823 632 posteriorum
841 598 962 624 iudicum
980 597 1121 623 exsecutio

190 634 354 665 sententiae,
372 642 388 659 a
401 633 538 667 prioribus
552 633 719 666 delegatam,
733 633 835 658 debeat
848 632 993 664 retardari,
1007 637 1036 657 ut
1049 632 1121 665 prio-

189 676 234 694 res
248 667 353 694 iudices
371 668 460 701 ipsam
477 675 569 701 neque
582 676 633 701 per
650 676 690 699 se,
707 675 800 700 neque
818 675 868 700 per
885 667 954 692 alios
968 674 1122 699 exsequan-

190 703 249 728 tur?
292 703 349 727 Nos
372 707 465 728 autem
486 701 657 735 inquisitioni
682 706 746 727 tuae
768 701 860 727 taliter
881 700 1123 735 respondemus¹7‚

192 736 277 770 quod,
300 745 386 770 quum
403 745 449 761 nos
465 736 659 770 appellationis
677 744 789 761 causam
806 744 840 761 ex
858 740 934 761 certa
951 735 1068 761 scientia
1085 734 1123 759 iu-

191 771 299 796 dicibus
329 771 388 796 aliis
414 771 611 796 committimus
637 770 876 802 cognoscendam,
905 769 1123 804 appellationem

189 805 318 831 videmur
334 805 468 839 recipere,
485 813 518 830 ac
535 804 754 830 iurisdictionem
772 804 895 838 priorum
908 804 1031 829 iudicum
1045 812 1123 829 revo-

190 847 263 872 care,
288 844 318 865 ut
342 839 452 865 interim
477 838 604 865 executio
629 839 786 864 sententiae
811 838 1008 872 suspendatur,
1034 838 1124 863 donec

190 882 226 908 ap
249 873 385 900 ellationis
407 873 506 899 merita
526 873 635 907 plenius
657 873 712 898 sint
734 873 870 899 discussa.
907 872 1058 912 [Praeterea
1080 877 1124 897 etc.

191 909 215 942 (c
231 929 236 933 .
250 917 271 933 c.
289 917 326 940 14.
340 909 370 933 de
383 916 460 933 rescr.
476 909 496 933 l.
513 906 560 942 3.)]
602 908 646 940 (Et
664 907 759 940 infroe)
782 906 803 941 ξ.
818 916 842 939 3.
865 908 936 940 Quia
953 915 1019 933 vero
1039 914 1124 940 saepe

191 943 336 976 contingit,
355 943 430 976 quod
444 942 587 968 exsecutio
605 942 761 967 sententiae
775 941 916 967 ordinario
930 941 1124 973 demandatur,

192 977 362 1010 quaesivisti,
384 976 448 1002 anlS
469 977 492 1002 si
514 976 662 1001 ordinarius
682 976 771 1010 ipsam
789 976 920 1002 iniustam
942 984 1005 1002 esse
1022 984 1124 1009 cogno-

190 1012 270 1043 verit,
292 1011 394 1037 debeat
415 1019 477 1037 eam
499 1011 671 1036 exsecutioni
695 1010 838 1043 mandare,
862 1019 897 1036 an
922 1010 957 1036 sit
982 1011 1007 1036 ei
1032 1010 1124 1044 potius

191 1045 415 1071 subsistendum?
451 1045 638 1071 Attendentes
651 1044 755 1078 itaque,
770 1045 846 1079 quod
859 1053 914 1070 non
928 1045 1060 1078 cognitio,
1074 1044 1126 1070 sed

191 1080 332 1106 exsecutio
347 1085 453 1106 tantum
464 1079 677 1105 demandaturffl
690 1079 791 1111 eidem,
804 1080 962 1113 inquisitiom'
973 1084 1031 1104 tuae
1041 1079 1126 1104 taliter

190 1115 434 1148 respondemusffl),
459 1114 544 1148 quod,
568 1122 653 1147 quum
676 1114 832 1139 ordinarius
857 1118 985 1139 teneatur
1007 1113 1126 1146 obsequi

191 1148 362 1182 delegat021‚
385 1149 437 1174 etsi
455 1148 554 1174 sciat2'2
571 1148 739 1174 sententiam
756 1148 832 1174 illam
852 1148 992 1179 iniustam,
1010 1147 1125 1181 exsequi

192 1183 370 1209 nihilominus
384 1187 494 1209 tenetur
504 1183 632 1215 eandem,
645 1182 697 1208 nisi
710 1183 786 1216 apud
797 1184 890 1208 eum2’3
903 1182 1015 1208 efficere
1028 1183 1126 1216 possit,

192 1222 221 1243 ut
239 1218 274 1243 ab
292 1218 345 1243 hoc
363 1226 448 1243 onere
466 1217 472 1243 i
496 1225 557 1242 sum
574 1217 708 1242 absolvat.
747 1216 871 1252 [Edoceri
885 1222 930 1242 etc.
945 1217 988 1250 (cf.
1003 1226 1024 1242 c.
1042 1225 1080 1242 11.
1098 1217 1127 1241 de

192 1251 236 1285 off.
250 1253 300 1277 iud.
315 1253 369 1277 ord.
384 1253 405 1278 I.
420 1252 472 1285 31.)
505 1252 548 1285 (Et
562 1251 658 1284 insi-as)
677 1250 698 1285 ξ.
712 1260 736 1282 4.
751 1252 843 1285 Quum
856 1256 949 1277 autem
963 1259 1050 1285 saepe
1063 1259 1127 1276 con-

192 1287 290 1320 tingat,
312 1286 348 1312 ad
370 1286 455 1318 diem,
477 1294 561 1319 quem
582 1285 664 1311 iudex
687 1286 833 1319 delegatus
859 1295 875 1311 a
899 1286 979 1311 nobis
1002 1285 1127 1320 partibus

192 1321 353 1354 assignavit,
367 1329 463 1347 earum
472 1321 558 1346 altera
570 1325 747 1354 procurante,
758 1326 787 1346 ut
797 1320 942 1354 negotium
953 1324 1127 1354 prorogetur,

193 1355 313 1381 iudicem
331 1356 422 1390 ipsum
440 1364 456 1380 a
472 1363 539 1388 rege
556 1355 601 1380 vel
618 1354 830 1388 archiepiscopo
848 1356 970 1380 evocari:
988 1363 1049 1386 nos,
1066 1362 1127 1388 per-

193 1398 338 1416 versorum
351 1390 478 1415 volentes
491 1389 710 1422 malignitatibus
725 1389 847 1421 obviare,
862 1389 1074 1421 decernimusffl,
1090 1393 1127 1420 ut,

194 1424 217 1450 si
231 1424 362 1458 delegato
376 1424 539 1455 constiterit,
552 1424 606 1449 hoc
619 1423 706 1449 fuisse
719 1424 834 1449 alicuius
848 1424 934 1457 partis
948 1423 1053 1449 malitia
1066 1431 1128 1457 pro-

194 1463 329 1491 curatum,
358 1459 448 1492 ipsam
471 1459 569 1492 puniat
592 1457 834 1484 animadversione
859 1458 1007 1491 condigna,
1032 1462 1069 1489 et,
1094 1465 1129 1482 ne

194 1493 308 1526 aliquod
330 1493 436 1518 lucrum
454 1501 487 1519 ex
507 1492 697 1518 huiusmodi‘sfi
719 1492 816 1518 fraude
834 1497 969 1526 reportet,
991 1499 1129 1526 personae

194 1528 284 1553 neutri
302 1528 373 1561 parti
390 1532 549 1561 suspectae,
567 1532 701 1560 quantum
719 1527 756 1552 ad
774 1527 849 1552 diem
867 1527 952 1559 illum,
975 1527 1130 1552 committat

195 1562 287 1595 ipsum
309 1562 453 1596 negotium
475 1561 682 1593 audiendumfffi,
707 1569 779 1594 quae
801 1561 828 1586 in
854 1561 914 1595 ipso
940 1560 1129 1594 appellatione

194 1601 303 1622 remota
320 1596 464 1630 procedat,
485 1596 537 1621 nisi
560 1595 632 1621 forte
655 1600 749 1629 partes
772 1595 964 1621 consenserint
986 1595 1130 1628 negotium

195 1631 349 1664 prorogari.
369 1630 520 1666 [Praeterea
533 1635 579 1656 etc.
595 1630 639 1663 (cf.
654 1639 675 1655 c.
693 1638 714 1655 1.
728 1631 758 1655 de
770 1639 837 1656 sacr.
850 1639 903 1655 non
916 1631 941 1655 z't.
955 1630 976 1656 I.
994 1633 1043 1663 16.)
1069 1630 1130 1654 Dal.

195 1665 268 1691 Rom.
282 1674 323 1699 ap.
338 1667 366 1692 S.
380 1666 447 1691 Petr.
462 1664 536 1691 XIV.
549 1665 611 1690 Kal.
625 1666 684 1690 Ian.
701 1663 786 1699 1204]

573 1738 645 1758 OAP.
660 1737 754 1757 xxlx.1

196 1775 358 1802 Suhdelegatus
368 1783 381 1797 a
391 1776 492 1802 delegato
501 1778 577 1801 Papae
586 1777 765 1796 iurisdictionem
780 1782 825 1796 non
835 1777 932 1796 habente
946 1778 1018 1800 potest
1028 1781 1132 1795 coercere

255 1804 422 1828 impedientem.
449 1805 498 1823 Hoc
509 1803 564 1823 dicit
573 1803 783 1827 comprehendendo
794 1805 912 1827 utrumque
922 1803 1068 1822 intellectum.

197 1853 289 1881 Idem
308 1853 435 1880 Abbati
459 1854 567 1880 sancti
590 1853 712 1880 Hilarii
732 1858 764 1880 et
785 1854 951 1888 Magistro
971 1853 1005 1879 G.
1026 1853 1132 1879 Cano-

505 1893 580 1919 nico
599 1893 823 1919 Trevisin02·.

267 1939 308 1966 Ex
332 1940 418 1966 literis
444 1941 594 1966 venerahilis
618 1940 710 1972 fratris
739 1941 823 1965 nostri
844 1940 1019 1974 patriarchae
1046 1939 1132 1965 Gran-

197 1973 309 2001 densis³
325 1975 500 2008 †accepimus‚
519 1976 592 2008 quod,
611 1984 687 2008 quum
704 1974 790 2000 dilecti
802 1975 853 2009 filii
869 1975 1030 2001 Grandensis
1043 1975 1133 2007 primi-

198 2010 280 2034 cerius
301 2014 323 2034 et
341 2010 468 2042 plebanus
484 2011 512 2035 S.
531 2010 642 2042 Sophiae
657 2010 687 2034 de
710 2009 824 2041 Venetus,
847 2010 937 2043 quibus
959 2017 1047 2040 causa,
1070 2017 1134 2041 quae

198 2045 263 2069 inter
279 2044 385 2069 clericos
402 2048 508 2069 sanctae
525 2044 639 2069 Iustinae
656 2053 687 2069 ac
700 2044 851 2069 Albertmn4
867 2044 1041 2077 presbyterum
1057 2051 1134 2075 super

197 2087 234 2110 eo,
258 2079 325 2112 quod
344 2079 408 2103 idem
429 2078 559 2112 presbyter
576 2079 695 2103 clericum
711 2087 738 2103 se
755 2079 834 2111 ipsius
855 2079 975 2103 ecclesiae
997 2077 1134 2108 asserebat,

199 2113 296 2146 aqitari
311 2113 476 2146 diynoscitur,
494 2121 510 2138 a
528 2113 599 2137 nobis
616 2112 702 2143 fuerat
715 2113 839 2145 deleyata,
857 2113 1022 2137 mandassent
1034 2112 1134 2142 eis-dem,

197 2152 224 2172 ut
237 2152 392 2172 memoratos
408 2148 523 2179 clericos,
542 2147 585 2180 qui
596 2155 645 2180 per
662 2147 906 2180 archipresbyterum
920 2147 1083 2176 Paduanum,
1102 2146 1137 2171 od

199 2190 271 2215 quem
287 2181 374 2213 fuerat
390 2190 468 2215 super
484 2182 569 2206 eodem
586 2181 684 2214 neqotio
706 2181 833 2214 quoddam
855 2190 871 2206 a
893 2181 964 2205 nobis
986 2180 1135 2213 rescriptum

200 2216 334 2247 obtentum,
353 2217 378 2241 in
395 2225 453 2249 quo,
472 2216 536 2241 sicut
549 2215 681 2247 asseritur,
699 2216 729 2240 de
738 2215 869 2248 prioribus
887 2215 965 2240 literis
979 2215 1070 2239 mentio
1084 2223 1133 2239 non

197 2251 283 2285 fiebat,
297 2251 445 2276 denunciati
454 2250 558 2282 fuerant
572 2250 838 2275 excommunicationis
849 2249 989 2274 sententiae
997 2249 1135 2279 subiacere,

199 2285 251 2310 nisi
261 2285 353 2310 dictum
368 2285 544 2318 presbyterum
561 2285 587 2309 in
599 2284 695 2309 socium
708 2284 848 2317 reciperent
861 2288 883 2308 et
896 2284 922 2308 in
934 2283 1053 2315 fratrem,
1073 2283 1136 2307 idem

199 2320 351 2353 patriarcha
373 2320 538 2344 denunciare!
559 2319 727 2344 anathematis
751 2318 849 2343 uinculo
874 2327 926 2343 non
950 2318 1056 2350 liqatos:
1084 2317 1137 2350 ipse

199 2355 288 2379 nolens
306 2355 397 2380 eis-dem
419 2354 540 2379 izulicibus
558 2354 583 2378 in
600 2353 647 2378 hac
665 2357 741 2386 parte
757 2361 859 2385 parere,
881 2353 926 2385 qui
940 2357 1030 2377 nostra
1047 2351 1136 2384 funye-

200 2389 293 2414 bantur
306 2389 466 2420 auctoritate,
480 2388 588 2413 maxime
601 2396 678 2420 quum
691 2387 840 2412 uenerabilis
849 2386 933 2418 frater
943 2390 1029 2411 noster
1041 2386 1137 2411 Castel-

200 2423 313 2448 lanensis
326 2424 459 2456 episcopus
476 2423 537 2456 ipsis
550 2430 626 2455 super
638 2422 684 2446 hoc
697 2421 842 2454 parendum
856 2430 907 2445 non
920 2421 1018 2445 duxerit
1033 2420 1137 2453 requisi-

201 2462 248 2489 tuS,
268 2458 366 2483 clericis
383 2461 488 2483 sanctae
501 2457 605 2482 sslariae
621 2455 753 2487 formosae
770 2456 918 2480 mandatum
931 2455 1136 2488 supradictorum

200 2492 311 2517 iudicum
327 2500 375 2525 per
389 2500 452 2517 suas
469 2492 557 2517 literas
574 2490 711 2519 nunciavit,
728 2498 793 2523 quas
806 2490 911 2514 dilectus
929 2489 998 2519 filius
1010 2489 1137 2514 archidia-

201 2535 281 2551 conus
304 2526 510 2557 Castellanensis,
533 2526 660 2559 plebanus
684 2525 792 2549 eiusdem
814 2525 943 2554 ecclesiae,
969 2524 1019 2556 leyi
1039 2523 1138 2556 publice

201 2569 291 2585 coram
304 2561 402 2594 populo
419 2570 471 2585 non
486 2560 607 2593 permisit.
645 2558 790 2593 [Quumque
802 2567 878 2591 super
891 2559 937 2583 hoc
948 2558 1040 2591 paucis
1052 2558 1138 2582 dielms

202 2595 296 2628 elapsis
309 2595 378 2628 apud
387 2597 414 2620 S.
427 2595 536 2620 Nicolai
546 2594 726 2619 monasterium
736 2593 768 2617 ab
778 2593 863 2617 eodem
873 2592 1025 2625 patriarcha
1036 2592 1139 2624 benigne

201 2629 292 2661 fuisset
309 2630 372 2654 idem
390 2629 586 2654 archidiaconus
608 2628 749 2661 requisitus,
772 2627 797 2651 in
815 2627 880 2651 iram
897 2627 979 2651 subito
996 2627 1138 2651 concitatus

202 2664 307 2689 eundem
317 2664 496 2697 patriarcham
507 2663 629 2696 yracibus
643 2662 776 2687 verborum
789 2661 889 2685 iniuriis
902 2661 988 2685 multis
999 2661 1138 2693 praesenti-

204 2698 249 2723 bus
273 2697 418 2732 lacessivit]
467 2698 531 2728 Qui-5
556 2697 729 2724 considerans,
755 2695 963 2720 archidiaconum
988 2695 1069 2728 ipsum
1092 2703 1140 2727 per

203 2737 302 2758 tantum
326 2733 479 2758 iniuriarum
505 2740 633 2758 excessum
658 2740 707 2755 non
732 2739 759 2755 se
783 2730 968 2758 tanttmzmodo,
997 2730 1042 2754 sed
1064 2730 1139 2754 etiam

206 2768 366 2792 Gradensem
383 2767 524 2799 ecclesiam,
547 2767 622 2791 immo
640 2774 686 2790 nos
709 2765 777 2797 ipsos
793 2764 905 2797 yraciter
923 2763 1066 2796 offendisse,
1089 2768 1139 2788 tam

203 2802 285 2834 ipsum
308 2801 523 2833 archidiaconum,
545 2810 622 2835 quam
641 2799 802 2833 praedictam
820 2799 952 2823 ecclesiam
971 2798 1140 2823 ecclesiastico

256 2906 310 2925 Tit.
324 2905 403 2924 XXIX.
432 2905 493 2929 Cap.
508 2905 609 2924 xxvm.
638 2904 669 2923 13)
680 2903 735 2922 del-t
750 2901 815 2921 dec-st:
829 2901 856 2920 ih.
910 2900 942 2925 1-2)
953 2901 1036 2925 pai-tter
1045 2901 1063 2920 si
1073 2907 1139 2926 quum

205 2933 274 2951 sent-t
289 2931 313 2950 ob
367 2932 399 2954 15)
409 2937 450 2950 an:
464 2931 533 2950 deest:
547 2929 719 2950 FGHIKLaJtsc
737 2927 784 2951 Rea.
839 2927 871 2950 16)
886 2927 1032 2946 demandata:
1053 2927 1078 2946 ab
1093 2926 1141 2951 acy.

207 2958 240 2981 17)
254 2958 285 2976 sic
300 2957 403 2976 duximus
418 2957 609 2980 respondendum:
624 2956 649 2974 ib.
704 2955 735 2974 15)
745 2954 820 2973 sedem
835 2953 917 2972 duxisti
928 2959 962 2977 ⁵1¹·
974 2953 1140 2976 consulendum,

207 2985 294 3002 utrum:
308 2983 335 3002 ὥ.
390 2983 422 3003 19)
432 2983 591 3002 demandetur:
606 2981 654 3005 Rea.
708 2980 741 3003 20)
752 2980 854 2998 duximus
866 2979 1056 3003 respond-emtum:
1071 2977 1141 3002 CReq.

207 3010 241 3031 21)
252 3009 307 3028 del-2
321 3008 389 3027 deest:
403 3009 429 3027 ib.
456 3008 490 3031 22)
501 3009 584 3028 sciant:
600 3007 646 3031 laq.
679 3008 712 3027 23>
723 3006 831 3025 iudicem:
846 3003 916 3027 ‘'Bt-57.
948 3004 981 3029 2⁵4)
992 3004 1143 3024 duci-evimus:

207 3034 275 3054 hacbc
301 3034 334 3058 25)
345 3035 403 3054 eius:
418 3034 458 3055 Ca:
472 3035 547 3053 huius:
562 3034 600 3053 c'bc
625 3033 659 3052 26)
670 3032 733 3051 auda
748 3031 815 3050 derst:
829 3029 917 3050 FHILJ!

260 3060 323 3084 Cap.
338 3060 416 3079 XXIX.
444 3060 464 3083 l)
474 3059 602 3079 Bcstz'tutum
616 3064 639 3078 a
652 3058 701 3081 Rea.
717 3057 762 3077 Bal.
779 3057 805 3080 X,
821 3057 863 3075 178.
875 3067 898 3070 -
909 3057 976 3080 Comp.
987 3055 1024 3074 111.
1035 3060 1053 3074 c.
1063 3056 1082 3075 8.
1091 3055 1111 3074 11.
1126 3055 1141 3075 t.

208 3086 235 3112 (1,
251 3085 292 3111 18.)
371 3086 392 3110 2)
406 3086 544 3105 Trcvisien.:
568 3083 645 3108 lt'Gle
666 3084 749 3104 Abbati
767 3084 790 3103 S.
809 3082 898 3105 Hilarii,
917 3082 1012 3107 plebano
1031 3081 1053 3101 S.
1071 3081 1143 3108 Pauli,

447 244 655 273 DECRETAL.
675 243 837 291 GREGOR.
857 245 902 272 IX.
921 243 987 272 LIB.
1007 245 1025 271 I.
1045 244 1114 271 TIT.
1133 244 1234 271 XXIX.
1254 244 1305 270 DE
1323 244 1466 272 OFFICIO
1485 243 1560 271 IUD.
1580 243 1663 270 DEL.
1682 250 1706 270 e.
1726 243 1767 269 28.
1787 250 1827 275 29.

2039 238 2088 267 114

1155 323 1286 355 supposuit
1304 323 1443 354 interdicto,
1463 321 1504 357 [ea
1520 322 1658 356 praecipue
1676 321 1781 352 ratione,
1799 320 1920 354 quoniam
1937 327 1968 344 ex
1981 319 2088 352 antiqua

1155 357 1341 388 consuetudine,
1363 358 1427 382 sicut
1449 358 1547 387 dicitur,
1573 361 1608 382 est
1631 356 1763 385 obtentum,
1789 359 1816 379 ut
1837 355 1933 384 literae,
1959 363 2023 387 quae
2040 362 2090 387 per

1152 392 1354 424 patriarchatum
1370 392 1528 416 (iradcnscm
1543 400 1558 416 a
1575 391 1730 424 patriarchis
1744 389 1920 415 Gradensibus
1937 389 2090 421 diriquntur,

1154 424 1326 458 inrlislbrenter
1351 426 1383 450 ab
1407 426 1521 451 omnibus
1546 426 1721 450 ‹nlnu‘ttantnr.
1767 423 1859 449 Verum
1884 424 1918 448 ad
1940 423 2090 447 instantiam

1155 460 1305 485 clericorum
1318 465 1340 485 el
1355 461 1571 493 parochianorum
1590 460 1710 484 ecclesiae
1726 458 1891 491 supradictae
1907 458 1991 490 quoad
2008 457 2089 489 ipsam

1155 495 1286 519 ecclesiam
1303 495 1454 527 patriarcha
1472 495 1598 519 interdicti
1612 493 1761 518 sententiam
1778 492 1911 523 relaxavit,
1928 492 1975 516 sub
1991 499 2091 516 excom-

1157 529 1334 555 municationis
1353 538 1437 561 poena
1459 529 1558 553 cleris-is
1580 529 1671 553 eisdem
1692 528 1833 560 iniunyens,
1858 535 1890 551 ne
1910 526 2091 551 archidiacono

1154 563 1313 595 participare
1337 568 1528 596 praesumerent
1549 564 1573 587 in
1596 563 1692 587 ‹ln-ints.
1732 562 1815 591 Quum
1835 565 1919 586 autem
1940 560 2093 593 patriarcha

1157 597 1207 622 iam
1221 598 1301 622 dictus
1314 606 1369 622 cum
1384 598 1504 630 praefato
1518 598 1635 630 episcopo
1653 597 1688 621 ad
1704 596 1886 620 winmusterium
1899 597 1926 620 S.
1942 595 2031 619 Crucis
2040 603 2090 627 pro

1157 631 1314 656 celebrandis
1335 633 1464 656 cuiusdam
1487 632 1610 664 exsequiis
1632 632 1786 661 accessisset,
1808 634 1831 654 et
1851 629 2046 654 archidiaconus
2066 636 2093 653 se

1159 666 1229 690 vellet
1247 666 1336 690 diuinis
1354 666 1441 700 officiis
1459 666 1606 696 immiscere,
1621 665 1773 698 patriarcha
1789 672 1837 697 pro
1851 664 1953 689 vitando
1968 663 2092 688 scandalo

1157 700 1257 725 secessit
1281 700 1306 725 in
1328 705 1428 733 partem
1436 710 1445 731 ς
1469 704 1575 733 proptcr
1600 700 1667 732 quod
1690 699 1884 724 archidiaconus
1908 698 1989 730 ipsum
2014 697 2094 730 coepit

1155 735 1277 767 §rantibus
1290 735 1422 759 verborum
1436 735 1536 759 iniuriis
1552 742 1704 766 ayqrarare.
1741 734 1810 758 Idem
1825 741 1922 766 quoque
1935 732 2093 757 archidiaco-

1159 777 1207 793 nus
1220 769 1276 793 licet
1290 778 1305 793 a
1318 769 1408 794 diuinis
1422 778 1470 802 per
1488 769 1562 793 unius
1576 768 1625 792 diei
1635 768 1746 800 spatium
1761 768 1915 798 cessavisset,
1931 767 2093 800 postmodum

1160 807 1243 827 [aulen
1266 803 1396 828 celebrare
1412 803 1514 836 publice
1535 812 1586 827 non
1608 802 1706 826 erulno't
1728 802 1882 826 interdictus.
1920 802 1962 826 Ad
1982 801 2043 826 haec
2065 801 2095 825 de

1158 845 1234 870 saepe
1258 838 1322 862 dicto
1345 838 1462 871 episcopo
1481 837 1635 870 patriarcha
1654 844 1758 869 {frarem
1781 836 1894 867 deposuit
1917 836 2095 868 quaestionem,

1159 872 1233 905 qurul,
1256 880 1332 905 quum
1353 872 1401 896 sibi
1420 876 1442 897 et
1462 871 1592 897 Gradensi
1611 870 1731 895 ecclesiae
1753 870 1917 894 obedientiam
1938 874 2052 894 teneatur
2074 874 2096 894 et

1160 907 1325 931 reuerentiam
1346 906 1466 937 exhibere,
1492 913 1639 938 ‹luanquam
1661 905 1685 929 ei
1708 904 1874 934 mandaverit,
1899 908 1925 928 ut
1947 904 2095 936 praefatum

1160 941 1367 965 archidiaconum
1382 948 1431 973 pro
1450 940 1590 971 interdicto,
1609 943 1630 964 et
1649 939 1755 963 clericos
1772 940 1800 963 S.
1815 938 1919 963 Alariae
1935 946 1983 970 pro
1997 947 2095 963 excom-

1160 975 1295 1000 municatis
1319 975 1432 1006 haberet⁷
1462 979 1484 999 et
1507 974 1604 1007 faceret
1628 972 1898 998 excommunicationis
1921 977 1943 997 et
1972 972 2100 997 interdicti

1159 1009 1296 1034 sententias
1309 1009 1342 1034 ab
1355 1009 1409 1042 ipso
1418 1010 1540 1042 prolatas
1549 1017 1598 1041 per
1613 1008 1830 1033 Castellanensem
1844 1006 1976 1031 dioecesim
1989 1007 2095 1031 inuiola-

1162 1043 1242 1068 biliter
1256 1044 1394 1074 observari,
1412 1044 1476 1068 idem
1494 1043 1627 1076 episcopus
1644 1043 1669 1066 in
1683 1041 1802 1066 iniuriam
1818 1041 1984 1073 patriarchae
1992 1042 2097 1074 permit-

1161 1082 1214 1102 tens
1235 1078 1442 1103 archidiaconum
1464 1078 1490 1102 in
1511 1077 1618 1102 ecclesia
1638 1076 1825 1101 (Z'tzslellanensi
1844 1075 1920 1100 libere
1941 1075 2096 1106 ministrare,

1161 1111 1260 1137 clericis
1273 1120 1335 1137 suae
1344 1112 1464 1137 dioecesis
1476 1112 1522 1136 sub
1533 1111 1663 1144 fidelitatis
1672 1118 1758 1143 poena
1767 1110 1949 1142 praecipiendo
1960 1110 2097 1141 mandarit,

1162 1151 1187 1171 ut
1201 1154 1250 1179 per
1266 1146 1387 1171 ecclesias
1403 1154 1465 1171 suas
1482 1146 1690 1170 archidiaconum
1707 1149 1730 1169 et
1747 1144 1852 1169 clericos
1873 1144 2035 1176 supradictos
2052 1152 2098 1168 nec

1161 1181 1290 1205 interdicti
1315 1189 1361 1206 nec
1390 1180 1657 1205 excomnuozicationis
1681 1179 1818 1204 sententiae
1841 1178 1973 1203 subiacere
1997 1178 2100 1211 publice

1162 1215 1321 1240 nunciarent.
1364 1215 1437 1240 Unde
1453 1215 1517 1240 idem
1536 1214 1689 1248 patriarcha
1705 1213 1777 1238 nobis
1793 1213 1918 1237 humiliter
1940 1213 2100 1246 supplicarit,

1163 1253 1188 1273 ut
1210 1254 1306 1274 tantam
1327 1249 1448 1274 iniuriam
1466 1253 1488 1274 et
1506 1256 1643 1279 excessum,
1665 1256 1712 1273 nec
1728 1256 1779 1272 non
1798 1248 1823 1272 in
1840 1248 1929 1280 ipsum,
1951 1248 1996 1271 sed
2016 1247 2100 1275 potius

1162 1287 1254 1308 contra
1274 1284 1357 1309 sedem
1379 1284 1548 1316 apostolicam
1571 1287 1623 1307 tam
1641 1282 1673 1307 ab
1689 1282 1807 1315 episcopo
1826 1290 1902 1315 quam
1919 1281 2100 1306 archidiacono

1163 1322 1312 1343 attentatum
1335 1319 1463 1351 castiyare
1486 1318 1570 1342 taliter
1587 1326 1744 1347 curaremus,
1771 1320 1796 1340 ut
1817 1320 1977 1340 resecaretur
1999 1316 2024 1340 in
2043 1316 2100 1340 aliis

1163 1352 1270 1377 materia
1291 1353 1384 1377 similia
1406 1352 1584 1377 committendi.
1626 1352 1718 1376 Dictus
1740 1360 1797 1375 vero
1818 1351 1952 1383 episcopus
1969 1358 2018 1383 per
2039 1358 2101 1375 suas

1163 1386 1235 1411 nobis
1245 1387 1332 1411 literas
1342 1387 1474 1418 intimarit,
1486 1387 1554 1420 quod
1562 1395 1638 1419 quum
1645 1385 1798 1419 patriarcha
1809 1385 1985 1409 denunciasset
1995 1385 2101 1409 clericos

1163 1422 1190 1446 S.
1204 1421 1320 1446 Iustinae
1337 1422 1506 1446 anathematis
1524 1421 1623 1446 vinculo
1637 1430 1689 1445 non
1702 1420 1789 1450 teneri,
1806 1428 1870 1452 quos
1887 1419 1951 1443 idem
1969 1419 2102 1452 episcopus

1162 1455 1234 1488 prius
1247 1456 1478 1480 eaecommunicatos
1491 1456 1696 1486 demazciarerat,
1716 1455 1745 1479 de
1758 1454 1879 1478 ntandato
1893 1453 2105 1486 archipresbyteri

1164 1490 1291 1520 Paduani,
1318 1498 1334 1515 a
1358 1490 1437 1521 nobis,
1462 1490 1527 1514 sicut
1553 1490 1684 1519 asseritur,
1712 1488 1801 1513 italicis
1826 1488 1941 1520 deleqati,
1967 1488 2102 1513 occasione

1163 1524 1306 1549 huiusmodi
1313 1525 1378 1549 inter
1384 1524 1561 1558 patriarcham
1569 1529 1591 1549 et
1603 1524 1765 1549 art-ln'diacon
1771 1531 1811 1546 um
1821 1523 1979 1547 contentione
1987 1523 2102 1554 suborta,

1162 1558 1314 1591 patriarcha
1327 1567 1357 1583 ez·
1371 1559 1537 1583 commotione
1551 1560 1661 1592 quadam
1676 1558 1884 1583 archidiaconum
1899 1557 2034 1587 interdicit,
2052 1565 2100 1590 quo

1165 1593 1199 1617 ad
1211 1593 1392 1626 appellationis
1406 1593 1552 1627 beneficium
1566 1594 1723 1623 convolante,
1735 1591 1887 1624 patriarcha
1897 1591 1922 1616 in
1933 1591 2102 1624 saepedictam

1165 1628 1296 1652 ecclesiam
1320 1628 1447 1652 interdicti
1465 1629 1615 1653 sententiam
1633 1626 1815 1660 promulyarit,
1836 1634 1882 1650 nec
1904 1625 2103 1657 satisfactionem

1166 1662 1278 1687 oblatam
1292 1662 1324 1687 ab
1337 1663 1518 1687 archidiacono
1532 1670 1609 1695 super
1626 1662 1672 1687 hoc
1686 1661 1798 1693 recipere
1811 1660 1896 1691 uoluit,
1914 1661 1966 1684 nisi
1977 1661 2103 1685 archidia-

1167 1705 1254 1727 conus,
1268 1701 1293 1721 ut
1307 1696 1386 1729 ipsius
1396 1701 1502 1729 pareret
1515 1697 1652 1728 mandatis,
1664 1695 1812 1728 interposito
1826 1694 1968 1719 iuramento
1979 1695 2103 1728 firmaret.

1167 1731 1265 1756 Adiecit
1282 1731 1358 1756 etiam
1376 1731 1439 1756 idem
1457 1732 1598 1764 episcopus,
1617 1731 1684 1764 quod
1700 1730 1753 1763 ipse
1766 1730 1862 1760 timens,
1880 1737 1911 1754 ne
1925 1733 2104 1762 prorumperet

1167 1766 1202 1790 ad
1219 1765 1317 1798 aliquid
1330 1766 1490 1798 patriarcha,
1509 1766 1576 1798 quod
1592 1766 1627 1790 ad
1643 1765 1722 1798 ipsius
1739 1764 1854 1797 episcopi
1870 1764 1907 1788 vel
1923 1764 2044 1788 ecclesiae
2060 1772 2104 1788 seu

1168 1800 1318 1825 clericorum
1331 1808 1436 1824 suorum
1452 1800 1638 1833 praeiudicium
1652 1800 1748 1824 cederet
1761 1799 1799 1823 cel
1809 1806 1958 1831 pronomen,
1977 1799 2011 1823 ad
2021 1798 2104 1823 sedem

1168 1835 1334 1867 apostolicam
1346 1835 1493 1867 appellavit,
1505 1835 1577 1859 nobis
1586 1834 1693 1859 sollicite
1701 1833 1880 1866 supplicanda,
1891 1837 1917 1857 ut
1926 1832 2106 1865 patriarcham

1168 1877 1184 1894 a
1197 1869 1239 1894 sui
1250 1874 1272 1893 et
1285 1869 1406 1894 ecclesiae
1417 1878 1480 1894 suae
1493 1878 1525 1894 ac
1538 1869 1688 1894 clericorum
1703 1872 1725 1893 et
1738 1867 1903 1892 ecclesiarum
1914 1875 1976 1892 suae
1986 1867 2106 1892 dioecesis

1169 1903 1345 1928 molestatione
1358 1903 1468 1928 indebita
1481 1912 1639 1936 compescere
1652 1900 1822 1936 curaremus]
1850 1902 1929 1930 Quum
1944 1901 2020 1934 1911111-
2029 1909 2106 1934 super

1166 1938 1317 1971 praemissis
1341 1942 1363 1962 et
1384 1938 1443 1963 aliis
1464 1938 1529 1962 inter
1554 1938 1683 1971 utriusque
1704 1937 1790 1970 partis
1810 1940 1996 1969 procuratores
2017 1935 2105 1967 fuisset

1169 1981 1258 1997 coram
1280 1972 1369 1997 dilecto
1389 1973 1444 2006 filio
1467 1973 1521 1997 tin&
1538 1974 1587 1997 NS.
1608 1974 1715 1997 Cos-mae
1732 1976 1755 1996 et
1772 1971 1899 1995 Damiani
1918 1971 2026 1995 diacono
2049 1979 2107 1995 car-

1169 2007 1258 2038 dinali,
1277 2015 1349 2040 quem
1371 2007 1511 2032 auditorem
1530 2006 1696 2032 dederamusT
1714 2006 1813 2035 eisdem,
1832 2004 2006 2038 aliquamdiu8
2023 2005 2107 2037 litiqa·

1170 2046 1229 2072 tum,
1252 2045 1274 2066 et
1295 2041 1348 2074 ipse
1369 2041 1441 2066 nobis
1458 2050 1525 2074 quae
1546 2042 1663 2066 audierat
1677 2041 1787 2074 fideliter
1806 2040 1939 2070 retulisset,
1959 2040 2018 2072 quia
2035 2039 2107 2064 nobis

1170 2080 1288 2101 constare
1305 2084 1357 2100 non
1370 2076 1462 2108 potuit,
1481 2076 1532 2100 an²'
1545 2084 1593 2108 per
1610 2076 1706 2107 literas,
1724 2083 1789 2108 qliae
1806 2074 1840 2098 od
1852 2074 2007 2099 Paduanum
2025 2074 2106 2098 archi-

1168 2110 1341 2143 presbyterum
1371 2110 1520 2142 impetratae
1548 2110 1677 2141 ‹licuntur‚
1706 2117 1783 2143 quum
1812 2108 1883 2133 nobis
1912 2113 2027 2133 ostensae
2055 2117 2107 2132 non

1169 2144 1273 2176 suerint,
1296 2149 1431 2169 revocatae
1452 2143 1547 2176 luerint
1565 2145 1654 2169 literae
1671 2144 1705 2169 ad
1722 2143 1870 2176 praedictos
1888 2143 2063 2175 primicerium
2085 2146 2107 2167 et

1168 2179 1305 2211 plebanum
1324 2178 1445 2209 obtentae,
1465 2187 1570 2203 causam
1588 2179 1670 2212 ipsam
1689 2183 1768 2203 restro
1786 2177 1899 2202 examini
1909 2178 2026 2202 dussimus
2039 2185 2106 2201 com-

1171 2213 1325 2244 mittendam,
1341 2221 1389 2246 per
1407 2213 1549 2246 apostolica
1566 2214 1663 2246 scripta
1685 2212 1891 2243 Mandamu510‚
1910 2216 2056 2245 quatenus,
2069 2212 2106 2236 in-

1170 2247 1261 2281 quisita
1274 2255 1350 2280 super
1359 2247 1510 2280 praemissis
1519 2247 1622 2280 plenius
1636 2248 1746 2279 veritate,
1757 2246 1837 2272 nisin
1851 2246 1931 2271 vobis
1945 2245 2107 2277 constiterit,

1172 2281 1248 2315 quod
1276 2281 1384 2313 literae,
1416 2290 1488 2315 quae
1517 2282 1641 2307 secundo
1670 2282 1731 2307 loco
1761 2281 1797 2306 ad
1827 2281 1987 2314 praedictum
2020 2280 2106 2305 archi-

1172 2315 1368 2349 presbyterum
1380 2316 1542 2341 Paduanum
1549 2317 1572 2334 1²
1589 2316 1755 2350 impetratae
1769 2315 1905 2347 dicuntur,
1920 2315 1954 2340 de
1968 2314 2106 2348 prioribus

1172 2350 1259 2375 literis
1276 2350 1312 2375 ad
1329 2358 1405 2383 saepe
1422 2351 1501 2375 dictos
1519 2350 1707 2384 primicerium
1724 2349 1950 2376 Grandensemffi
1967 2353 1994 2374 et
2012 2349 2106 2382 pleba-

1172 2393 1238 2410 num
1251 2389 1365 2410 sanctae
1379 2385 1500 2418 Sophiae
1508 2386 1530 2402 ¹4
1548 2385 1670 2410 obtentis
1689 2392 1850 2418 expressam
1868 2383 2014 2409 fecerintffi
2030 2391 2106 2408 men-

1173 2419 1286 2451 tionem,
1300 2423 1330 2444 ut
1346 2427 1397 2452 per
1410 2419 1548 2445 secundas
1566 2420 1672 2453 primae
1685 2423 1838 2453 appareant
1851 2419 1939 2443 literae
1952 2422 2107 2449 revocatae,

1173 2461 1259 2487 quum
1276 2453 1381 2487 primos
1400 2453 1506 2479 iudices
1523 2454 1690 2479 auctoritate
1706 2454 1848 2479 literarum
1861 2457 2017 2477 nostrarum
2031 2451 2107 2476 iuris—

1173 2488 1325 2514 dictionem
1341 2496 1398 2513 non
1415 2488 1451 2513 sit
1469 2488 1584 2514 dubium
1602 2488 1743 2519 habuisse,
1761 2495 1845 2521 quam
1863 2491 2013 2520 potuerunt
2030 2490 2106 2519 post-

1172 2522 1288 2548 modum
1316 2522 1490 2555 patriarchae
1515 2523 1609 2556 quoad
1634 2522 1842 2548 exsecutionem
1866 2530 1928 2545 suae
1952 2520 2107 2545 sententiae

1173 2556 1353 2588 demandare,
1378 2564 1411 2582 ex
1436 2565 1492 2590 qua
1516 2557 1715 2583 coercitionem
1738 2556 1822 2582 etiam
1847 2555 1922 2580 idem
1950 2554 2108 2588 patriarcha

1173 2595 1318 2624 receperat
1326 2591 1372 2622 1⁶⁸,
1396 2599 1481 2624 quum
1499 2591 1658 2617 huiusmodi
1677 2590 1847 2617 demandata
1864 2589 2016 2614 iurisdictio
2030 2588 2106 2614 delu-

1173 2625 1248 2651 soria
1272 2625 1423 2658 videretur,
1449 2626 1472 2651 si
1496 2626 1698 2659 subdelegatus
1726 2623 1885 2650 huiusmodi
1911 2623 2107 2648 coercitionem

1173 2660 1295 2693 aliquam
1323 2668 1380 2685 non
1407 2660 1533 2692 haberet,
1562 2659 1702 2686 interdicti
1736 2658 1904 2684 sententiam
1937 2657 1972 2682 ab
2006 2657 2108 2682 eodem

1174 2694 1332 2728 patriarcha
1352 2694 1380 2719 in
1398 2694 1682 2720 Castellanensemss·
1703 2693 1927 2719 archidiaconum
1950 2691 2107 2724 promulga-

1175 2733 1241 2760 tam,
1254 2737 1306 2762 pro
1320 2736 1364 2761 eo,
1379 2729 1455 2762 quod
1469 2729 1521 2762 ipse
1534 2728 1661 2754 eiusdem
1670 2729 1691 2745 ¹⁵
1708 2727 1882 2761 patriarchae
1899 2725 2108 2751 exsecutionem

1174 2763 1341 2797 impediens,
1363 2763 1422 2789 eius
1442 2763 1546 2795 literas,
1569 2763 1699 2796 quibusst'
1719 2761 1881 2787 mandatum
1902 2759 2109 2793 praedictorum

1175 2797 1297 2823 iudicum
1309 2797 1468 2830 nunciabat,
1481 2797 1536 2831 legi
1550 2797 1577 2823 in
1590 2796 1761 2831 publicum²0
1776 2803 1831 2820 non
1849 2793 1984 2828 permisit,
2002 2793 2109 2820 tamdiu

1176 2900 1297 2921 Casteuan.
1311 2900 1421 2921 dioecesis
1435 2903 1458 2920 et
1471 2906 1528 2925 mag.
1539 2901 1604 2921 Gallo
1615 2900 1663 2921 (G.:
1678 2897 1737 2918 (⁷11ch
1751 2898 1868 2918 'fervi-sino
1883 2897 2058 2919 (Tei-vistnensi:
2071 2897 2113 2921 Ca,-

1175 2928 1319 2947 Trevicensi:
1335 2927 1374 2949 Cb.-
1387 2928 1544 2946 Terracinam:
1554 2927 1600 2949 (Ἰὼ
1611 2928 1625 2945 t!
1634 2925 1680 2949 lust.
1690 2935 1710 2938 —
1718 2924 1811 2943 Potthast
1821 2928 1855 2942 no.
1862 2924 1919 2942 3251.
1946 2923 1967 2947 ³)
1977 2924 2111 2943 Gradensisz

1176 2952 1246 2977 cltcy.
1290 2954 1311 2977 4)
1321 2955 1344 2972 et
1353 2953 1392 2972 A.:
1408 2954 1423 2971 C
1472 2953 1567 2975 5)(111111,
1578 2952 1722 2970 consider-nnn
1732 2949 1803 2973 (add.:
1818 2949 1888 2968 idem:
1903 2948 1937 2973 Cb)
1947 2950 2084 2973 patrini-cha:
2099 2951 2114 2969 C

1176 2979 1236 3003 ti)1.:
1251 2979 1290 2997 Cae
1329 2978 1349 3002 7)
1360 2979 1473 2998 dedimus:
1489 2979 1503 2997 c
1542 2979 1562 2999 s)
1573 2978 1665 2996 diutius:
1680 2977 1717 2996 tlta:
1730 2976 1798 2994 drest:
1812 2976 1850 2993 [fac
1889 2975 1910 2997 9)
1920 2977 1969 2994 autz
1983 2975 2023 2997 Ga.-
2036 2979 2071 2995 ut:
2086 2976 2111 2995 Cb

1178 3004 1210 3027 10)
1221 3005 1364 3024 mandantes:
1379 3005 1394 3023 C
1402 3004 1449 3028 Isca.
1504 3003 1535 3023 11)
1546 3005 1575 3022 si:
1590 3003 1629 3021 Fal!
1683 3002 1715 3023 1²)
1726 3002 1791 3020 stul-1
1806 3000 1874 3019 dewi:
1888 3000 1958 3024 leftl-
2017 3002 2050 3025 13)
2060 3003 2112 3021 Gn:

1178 3030 1245 3049 drrst:
1263 3030 1290 3049 ib.
1375 3030 1406 3049 14)
1417 3036 1434 3048 s.
1450 3030 1498 3048 Sa:
1511 3029 1579 3047 diust:
1594 3029 1619 3046 111.
1700 3028 1731 3046 15)
1742 3033 1785 3046 non
1801 3027 1867 3045 fecer.
1879 3040 1884 3045 .
1895 3040 1900 3045 .
1912 3040 1917 3045 .
1928 3032 1972 3046 uon
1987 3033 2073 3051 appar-2
2088 3027 2113 3047 Ob

1178 3057 1211 3078 115)
1222 3056 1316 3079 reecpit:
1331 3055 1472 3074 Fammtxc
1480 3054 1497 3073 lt
1507 3061 1527 3079 51.
1595 3054 1626 3073 ιῖ)
1638 3053 1740 3072 (timella
1757 3052 1852 3073 Ftr'Hlli':
1865 3052 2028 3076 suprndictmn:
2043 3053 2113 3080 Cltey.

1179 3083 1211 3107 18)
1221 3082 1342 3107 praedicti:
1357 3083 1371 3101 c·
1382 3080 1430 3106 Κεφ.
1458 3082 1491 3106 19)
1501 3081 1561 3105 quib.
1573 3079 1659 3099 mand-2
1673 3079 1740 3099 dtest:
1754 3078 1781 3098 ita.
1809 3078 1842 3104 Συ)
1852 3078 1952 3103 publice:
1966 3077 2015 3106 Κεφ.
