2243 3288
162 237 226 263 1279

165 315 244 339 tems
258 313 316 337 aliis
330 311 365 336 ad
379 309 593 343 praedicationis
608 308 729 333 osticium
743 307 786 333 vel
801 307 957 332 divinorum
971 306 1093 333 celebra-

165 350 266 373 tionem
284 346 440 371 admittant.
458 344 508 369 sed
527 344 602 376 ipsos
620 342 712 375 potius
729 342 805 367 velut
822 346 966 375 apostatas
986 341 1096 374 capiant

164 390 212 407 scu
235 380 294 413 capi
319 379 427 404 saciant.
450 386 499 403 eos
522 377 651 402 carcerali
673 376 828 407 custodiae,
851 375 940 401 donec
963 374 999 400 ‹le
1022 375 1096 401 dicta

165 415 272 440 licentia
301 412 459 446 speciatim·
488 411 573 436 modo
603 411 747 444 praedicto
773 410 824 435 sibi
854 409 1023 441 constiterit,
1049 409 1096 435 de—

165 448 286 473 tim-mlo.
324 447 357 471 Et
372 446 557 476 nihilominus,
569 445 590 470 si
605 453 675 478 quos
689 445 836 477 religiosos
850 444 1009 477 approbare
1023 451 1095 476 quae

164 482 245 507 sedes
268 480 422 514 apostolica
449 480 616 513 reprobavit,
639 479 683 504 vel
709 487 781 512 quae
802 478 870 503 alias
896 478 1007 503 suntlss*
1032 477 1098 503 fidei

164 516 243 540 ninia
263 516 288 539 in
307 515 362 539 suis
386 514 642 547 praedicationibus
664 522 712 539 seu
732 513 848 538 secretis
865 511 1097 537 collocutionibus

163 550 350 581 dogmatizare
364 548 552 581 persenserint
562 548 608 579 Μ’,
623 552 651 572 ut
666 547 745 577 tales,
757 547 972 580 quibuscunque
986 554 1097 571 cessan-

164 585 235 608 tibus
251 583 411 616 privilegiis,
426 583 579 616 possint¹5·‘
599 582 671 607 licite
689 589 800 615 capere,
814 586 841 606 et
860 580 990 606 carcerali
1005 584 1097 605 custo-

163 618 233 644 diae.
252 618 321 642 sicut
338 625 403 641 suos
422 622 539 650 possent
557 616 694 646 subditos,
713 616 872 648 mancipare
891 614 1031 640 licentiam
1050 614 1099 639 iin-

163 652 304 685 pertimur.
327 651 361 676 Et
373 652 486 684 insuper
496 657 593 676 tenore
603 650 791 684 praesentium
803 649 969 674 mandamus
980 648 1098 680 eisdem,

165 692 193 710 ut
208 686 242 711 de
261 686 421 719 praemissis
440 685 598 716 summarie,
616 684 779 717 simpliciter
796 689 823 709 et
837 683 871 708 de
890 683 982 716 plano,
995 690 1027 707 ac
1041 682 1100 708 sinc

167 726 284 753 strepitu
299 719 391 744 iudicii
406 726 433 745 et
447 719 535 752 figura
548 727 598 752 pei·
612 727 642 744 se
655 719 698 743 vel
713 727 762 751 per
770 718 808 735 123‘
826 718 909 743 alium
925 726 973 743 seu
987 717 1056 742 alios
1069 724 1100 742 se

166 755 293 779 sollerter
311 760 338 779 et
357 754 476 779 fideliter
490 754 620 779 studeant
639 753 799 783 informare,
818 760 946 785 quosque
964 751 999 777 (le
1021 758 1099 784 prac—

167 789 246 813 dictis
266 797 314 814 seu
334 796 430 813 eorum
449 788 543 821 aliquo
561 787 714 821 repererint
733 795 795 812 reos
813 795 886 817 csse,
904 787 979 811 iuxta
997 790 1100 810 statuta

165 831 304 847 canonum
317 827 345 848 et
352 822 390 839 Π·
404 822 430 847 111
444 822 559 847 alioruin
571 822 730 854 exemplum
741 821 878 853 castigarc
889 820 988 853 poenis
999 819 1100 845 debitis

164 865 220 882 non
242 862 424 890 postponant,
446 865 501 881 non
529 856 704 881 obstantibus
730 855 964 888 exemptionibus,
989 859 1017 879 et
1041 854 1101 879 aliis

165 891 377 924 quibuscunque
391 891 542 924 privilegiis
558 892 631 916 ctffi·
649 890 736 915 literis
755 889 924 923 apostolicis
939 888 1047 914 eisdem
1060 896 1100 913 re-

166 925 273 957 ligiosis
287 925 330 951 vel
345 933 441 951 eorum
455 925 646 950 ordinibusw*
660 925 694 949 ab
709 924 809 950 eadem
823 924 891 949 sede
905 923 1046 948 concessis
1056 922 1101 947 vel

167 960 194 984 in
207 965 352 993 posterum
366 959 564 991 concedendis,
578 958 687 984 etiamsi
701 958 737 984 de
755 958 807 983 illis
823 958 906 991 plena
922 961 949 983 et
968 964 1101 990 expressa

165 995 280 1025 mentio,
292 1002 324 1019 ac
338 993 373 1019 de
386 994 473 1019 verbo
487 994 522 1018 ad
536 993 652 1019 verbum
666 993 692 1017 in
706 992 901 1026 praesentibus
916 992 951 1016 sit
963 990 1100 1016 habenda.

166 1028 246 1061 Quae
264 1033 398 1062 quantum
416 1028 452 1053 ad
470 1028 612 1061 praedicta
631 1027 675 1053 vel
693 1027 807 1060 aliquod
827 1026 980 1052 eorundem
993 1025 1101 1051 eisdem

166 1063 192 1087 in
206 1063 280 1088 nullo
294 1063 422 1088 volumus
436 1062 590 1095 suffragari.
615 1061 689 1087 Nulli
702 1069 770 1094 ergo
781 1065 834 1087 etc.
857 1061 962 1086 Datum
971 1059 1101 1085 Avinion.

166 1097 212 1122 Vt.
226 1097 290 1124 Idus
303 1097 380 1129 Maii,
393 1097 473 1122 Pont.
486 1097 574 1122 nostri
587 1097 640 1122 Ao.
654 1097 700 1121 IX.
715 1094 816 1130 [1325]

485 1218 708 1248 TITULUS
735 1218 784 1246 IX.

354 1281 410 1308 DE
440 1282 682 1308 RELIGIOSIS
713 1279 916 1306 DOMIBUS.

559 1360 575 1379 C
582 1360 600 1378 A
606 1360 631 1378 1'.
646 1359 665 1378 1'
673 1359 698 1378 N.
707 1357 713 1371 ¹

170 1399 231 1418 Licet
253 1400 400 1423 Beguiunruni
420 1401 489 1417 status
508 1399 535 1417 sit
554 1400 644 1422 propter
663 1398 743 1416 multas
759 1397 856 1415 rationes
870 1401 910 1419 per
924 1394 1063 1413 Clementem
1078 1393 1105 1412 V.

170 1426 312 1449 reprobatus;
328 1425 463 1449 permittitur
473 1428 546 1443 tamen
563 1424 694 1442 mulieribus
713 1423 755 1441 title
770 1423 850 1444 ilignis,
870 1427 926 1444 quae
941 1426 981 1439 nee
996 1422 1047 1438 sunt
1062 1419 1105 1437 cul-

171 1452 262 1475 pannus,
278 1457 319 1470 nec
335 1454 456 1474 suspectae,
472 1451 512 1468 suh
527 1450 604 1468 habitu
617 1450 764 1471 Regninaruin
779 1449 866 1468 vivut-c:
882 1453 922 1465 nec
932 1448 983 1465 suut
997 1446 1053 1465 tales
1068 1450 1106 1468 pei·

273 1478 399 1496 ordinarios
410 1476 570 1495 niolcstandae.
599 1476 655 1494 Vide
666 1481 713 1498 cap.
725 1477 742 1493 l.
754 1474 802 1493 eod.
813 1474 846 1492 tit.
857 1473 880 1491 in
891 1473 1000 1491 Clement.

512 1535 656 1560 Ioannes
676 1534 762 1559 xxii.

238 1583 320 1608 Ratio
343 1587 419 1608 recta
440 1590 495 1607 non
517 1581 629 1615 patitur,
652 1585 681 1605 ut
703 1580 865 1605 innocentes
891 1578 927 1603 ad
949 1576 1026 1611 paria
1044 1584 1106 1601 cum

171 1618 336 1643 nocentibus
355 1617 518 1642 iudicentur.
555 1616 628 1641 Sane
647 1615 734 1640 felicis
754 1612 954 1639 recordationis
975 1611 1106 1637 Clemens

171 1652 246 1685 Papa
265 1652 298 1676 V.
320 1651 524 1685 praedecessor
545 1654 649 1681 noster,
673 1657 757 1682 quum
779 1648 814 1673 de
837 1646 1009 1677 mulieribus,
1035 1653 1106 1678 quae

171 1686 314 1719 lieguinae
328 1686 478 1718 vulgariter
491 1688 694 1717 nuncupantur,
713 1682 843 1707 nonnulla
857 1682 881 1707 ei
896 1680 1014 1706 fuissent
1027 1687 1106 1717 prae-

171 1720 252 1754 cipue
266 1721 301 1746 de
312 1718 475 1746 Alemaniae
486 1719 611 1752 partibus
622 1717 759 1743 insinuata
770 1717 889 1747 sinistra,
900 1720 927 1741 et
941 1718 1106 1748 praesertim

173 1755 248 1787 quod
263 1763 358 1780 earum
370 1754 509 1787 quaedam
523 1753 558 1778 de
573 1761 680 1777 summa
690 1751 826 1776 'trinitate
841 1754 867 1776 et
879 1749 971 1774 divina
984 1748 1107 1774 essentia

172 1789 346 1822 disputarent
361 1795 388 1814 et
406 1787 610 1822 praedicarent,
624 1795 655 1811 ac
669 1786 741 1811 circa
754 1785 884 1810 articulos
898 1783 963 1808 fidei
978 1787 1007 1808 et
1019 1782 1106 1808 eccle-

173 1823 284 1848 siastica
302 1828 477 1848 sacramenta
494 1821 640 1855 opiniones
654 1820 808 1845 catholicae
822 1818 887 1843 fidei
900 1817 1052 1843 contrarias
1066 1816 1105 1840 in-

173 1858 360 1889 troducerent,
382 1862 410 1882 et
434 1857 583 1881 multorum
608 1855 774 1887 simplicium
799 1853 906 1878 animas
932 1852 958 1876 in
981 1851 1106 1876 diversos

173 1900 281 1917 errores
301 1892 476 1916 inducerent:
495 1898 527 1915 ex
542 1889 583 1914 his
598 1894 624 1914 ct
643 1889 701 1913 aliis
717 1888 878 1921 frequenter
892 1886 926 1911 de
940 1885 991 1910 illis
1005 1884 1106 1910 auditis

174 1926 281 1951 habens
295 1934 343 1951 eas
357 1933 411 1950 non
426 1925 540 1957 indigna
555 1923 660 1948 ratione
674 1927 829 1956 suspectas,
843 1921 869 1946 in
883 1921 952 1951 illas,
967 1928 1039 1953 quae
1053 1923 1106 1943 sta-

173 1965 230 1984 tum
245 1959 404 1984 huiusmodi
418 1960 526 1984 noviter
539 1962 723 1990 assumptum,
737 1961 909 1981 sectarentur
922 1954 1046 1984 ulterius,
1059 1958 1106 1978 aut

173 2002 246 2027 quae
260 1994 334 2019 illurn
349 1995 384 2018 de
398 2002 470 2018 novo
484 1996 667 2022 assumerent,
687 1989 982 2016 excommunicationis
996 1992 1105 2013 senten-

173 2029 238 2053 tiam
258 2028 453 2061 promulgavit.
491 2027 593 2052 Verum
618 2026 682 2059 quia
705 2025 730 2049 in
753 2024 846 2049 multis
864 2022 958 2048 mundi
981 2022 1106 2055 partibus

173 2062 308 2096 plurimae
323 2068 386 2087 sunt
400 2062 539 2092 mulieres,
553 2068 625 2093 quae
637 2059 763 2085 similiter
776 2059 860 2091 vulgo
872 2057 1012 2089 lieguinae
1026 2064 1106 2081 voca-

174 2103 228 2127 tac,
247 2102 412 2130 segregatae
431 2095 600 2129 quandoque
619 2094 645 2119 in
664 2099 810 2127 parentum
824 2097 870 2117 aut
885 2093 950 2123 suis,
969 2090 1107 2115 interdum

174 2139 240 2156 vero
255 2139 280 2156 in
295 2132 354 2156 aliis
368 2136 415 2155 aut
426 2129 570 2155 conductis
584 2129 635 2153 sibi
651 2128 845 2153 communibus
856 2126 986 2151 domibus
998 2124 1108 2149 insimul

174 2166 342 2197 habitantes,
360 2166 430 2190 vitas
449 2164 590 2189 deducunt
604 2163 746 2193 honestas,
764 2161 897 2187 ecclesias
911 2160 946 2185 de
959 2164 1041 2184 nocte
1055 2158 1107 2184 sre-

175 2205 320 2232 quentant‚
339 2198 514 2224 dioecesanis
533 2198 656 2222 locorum
671 2202 697 2222 et
716 2195 915 2229 parochialium
929 2193 1108 2219 ecclesiarum

174 2234 328 2259 rectoribus
343 2238 503 2258 reverenter
517 2231 660 2263 obediunt,
674 2231 862 2255 curiositatem
877 2227 1048 2262 disputandi,
1062 2231 1108 2252 aut

175 2269 377 2299 auctoritatem,
386 2275 434 2292 seu
447 2266 632 2292 temeritatem
644 2265 736 2298 potius
748 2263 927 2298 praedicandi
939 2263 1012 2287 nullo
1023 2261 1108 2286 modo

176 2302 228 2327 sibi
243 2306 385 2335 usurpant,
399 2309 450 2326 nec
464 2309 494 2326 se
508 2300 550 2325 vel
565 2301 631 2324 alias
647 2308 695 2324 seu
709 2299 778 2324 alios
793 2298 933 2332 quoslibet
946 2296 1108 2330 praemissis

176 2337 352 2370 opinionibus
363 2335 560 2368 erroribusque
571 2334 722 2364 involvunt,
735 2342 784 2358 nec
795 2333 849 2358 ulla
861 2340 944 2365 super
955 2332 995 2356 bis
1006 2336 1049 2356 est
1063 2334 1109 2355 aut

175 2370 226 2395 suit
241 2372 374 2396 hactenus
388 2375 455 2395 nota
468 2377 516 2394 seu
533 2368 654 2401 suspicio
668 2373 763 2393 contra
777 2376 834 2398 cas,
853 2374 924 2400 quae
940 2366 1015 2399 ipsas
1030 2364 1109 2389 dissi—

176 2405 254 2430 miles
269 2414 284 2430 a
298 2405 359 2430 luce
373 2413 423 2429 sua
437 2403 650 2435 constringeret,
669 2407 697 2427 ut
711 2402 791 2427 nullis
806 2409 910 2432 earum,
925 2408 996 2433 quae
1010 2407 1108 2432 perpe-

177 2445 251 2464 tuam
271 2439 342 2464 sorte
355 2439 475 2463 Domino
490 2438 687 2462 continentiam
707 2436 887 2467 devoverunt,
906 2434 1016 2459 occasio
1030 2441 1109 2466 prae-

176 2474 275 2499 beatur
288 2473 323 2498 ad
337 2473 454 2506 lapsum,
469 2477 496 2497 et
511 2479 544 2496 ne
559 2470 697 2504 periculis,
712 2470 819 2495 (lamnis
834 2474 860 2495 et
875 2469 1012 2494 scandalis
1027 2467 1109 2501 pluri-

177 2508 239 2538 mis,
257 2516 328 2540 quae
346 2507 463 2540 proinde
476 2505 662 2531 verisimiliter
675 2510 868 2537 sequerentur,
887 2511 936 2536 pro
951 2502 1109 2536 provisione

177 2542 313 2567 ecclesiae
331 2541 466 2566 moderna
485 2545 667 2573 occupentur:
691 2539 829 2570 L'cguinas
848 2537 1007 2563 huiusmodi
1025 2536 1109 2561 incul-

176 2576 293 2609 pabiles,
313 2581 340 2600 ut
359 2575 552 2609 praemittitur,
571 2582 621 2599 nec
639 2578 784 2606 suspectas
804 2573 855 2597 sub
878 2571 1065 2605 prohibitione
1083 2574 1111 2594 et

177 2610 329 2635 abolitione
354 2610 510 2643 praemisis,
536 2608 612 2641 (quia
637 2607 672 2632 de
697 2607 765 2640 ipsis
791 2606 992 2639 praedecessor
1016 2609 1112 2629 noster

179 2644 319 2677 praefatus
331 2644 486 2669 nullatenus
499 2643 621 2668 sensisse
633 2641 823 2673 dignoscitun)
832 2641 866 2665 de
878 2640 992 2665 fratrum
1003 2643 1111 2663 nostro-

177 2687 236 2703 rum
255 2679 369 2703 consilio
388 2678 560 2704 declaramus
583 2682 611 2702 et
627 2677 754 2701 volumus
777 2683 830 2699 non
854 2674 965 2705 includi,
988 2673 1111 2698 locorum

179 2713 324 2737 ordinariis
350 2712 527 2737 nihilominus
554 2711 738 2743 iniungentes‚
764 2714 791 2733 ut
817 2717 864 2734 eas
890 2709 941 2733 suh
967 2711 1110 2740 praetextu

178 2747 335 2772 huiusmodi
347 2747 503 2771 nullatenus
515 2743 655 2770 molestari
667 2744 836 2777 permittant.
861 2743 895 2767 Et
906 2743 927 2767 si
940 2742 1006 2775 quid
1018 2741 1111 2766 forsan

179 2790 211 2805 ex
225 2782 277 2806 hoc
291 2782 317 2806 in
330 2781 411 2806 bonis
425 2786 472 2806 aut
485 2780 589 2805 iuribus
602 2788 618 2804 a
630 2779 842 2812 quibuscunque
853 2782 948 2801 contra
962 2784 1010 2801 eas
1024 2780 1112 2801 atten-

179 2820 266 2840 tatum
279 2820 322 2840 est
336 2816 477 2846 hactenus,
495 2814 539 2839 vel
557 2813 686 2839 attentari
705 2812 852 2845 contigerit
870 2810 895 2835 in
911 2810 1043 2835 futurum:
1063 2817 1113 2842 per

179 2849 240 2873 illos
252 2849 410 2882 praedictos
421 2849 576 2874 ordinarios
587 2847 751 2873 auctoritate
762 2850 857 2871 nostra
868 2845 894 2870 in
905 2849 1007 2869 statum
1019 2843 1112 2869 reduci

181 2882 307 2908 debitum
328 2884 464 2915 volumus,
488 2883 624 2914 invocato,
643 2881 664 2907 si
684 2889 755 2915 opus
773 2880 869 2912 suerit,
889 2879 990 2904 auxilio
1008 2877 1113 2903 brachii

230 2986 281 3005 Tit.
296 2987 356 3005 vm.
383 2987 444 3010 Cap.
459 2987 486 3005 Π.
515 2988 628 3009 1211ΡοοΑ
643 2984 710 3003 clusi:
723 2984 750 3003 ib.

179 3013 322 3034 sumpse-rint:
337 3014 363 3030 ¹71.
409 3014 440 3033 13]
451 3011 512 3030 add„-
526 3012 648 3035 apostolica
657 3011 802 3029 auctoritate:
817 3010 844 3027 17].

181 3037 211 3056 Χῖ,
223 3041 255 3054 et:
270 3037 335 3055 «hat.-
350 3038 376 3055 1‘71.
435 3040 465 3056 liat
478 3038 622 3059 indulgentiis
633 3037 709 3060 gratiis
719 3038 752 3054 et:
767 3036 792 3054 rb.

180 3062 215 3080 vel
226 3062 313 3081 divisim
324 3064 363 3081 sub
373 3068 503 3086 quacunque
514 3064 585 3081 sonna
596 3062 631 3081 vel
642 3062 786 3085 expressione
796 3061 927 3080 verborum:
941 3059 968 3078 1¹0.

803 2983 836 3006 13)
847 2984 914 3003 sicut:
927 2982 955 3001 ih.
1009 2981 1041 3005 14)
1052 2987 1112 3005 prae·

898 3009 929 3031 113)
940 3013 989 3032 per:
1004 3007 1071 3026 ‹Im-t.-
1086 3008 1112 3026 uh.

435 233 640 259 [XTRAVAC
661 231 833 257 COMMUN.
853 230 918 255 Ltss.
938 230 980 256 IlI.
998 229 1069 256 TIT.
1088 230 1134 256 tx.
1153 230 1187 256 X.
1207 230 1257 255 DE
1277 227 1454 255 CENSIBUS
1472 228 1607 255 EXACT.
1627 233 1680 255 etc.
1700 236 1723 254 c.
1742 236 1787 254 un.

847 3035 879 3058 19)
889 3033 938 3053 add.
945 3041 953 3052 :
966 3029 1121 3053 communiter*

1997 225 2063 252 1280

1135 307 1292 333 saecularis.
1334 306 1465 331 Ceterum
1483 309 1586 331 statum
1603 305 1789 339 Beguinarum
1807 303 1975 335 huiusmodi,
1994 311 2063 336 quas

1131 350 1195 368 esse
1209 341 1403 375 permittimus,
1417 339 1483 373 ¹(nisi
1498 339 1533 365 de
1550 340 1592 365 liis
1610 347 1660 373 per
1676 340 1773 366 sedem
1787 338 1970 373 apostolicam
1983 337 2064 363 aliter

1132 376 1288 401 ordinatum
1306 374 1463 406 exstiterim
1481 374 1638 399 nullatenus
1656 382 1689 400 ex
1711 373 1872 408 praemissis
1895 371 2063 398 intendimus

1132 411 1298 444 approbare.
1334 410 1471 434 Locorum
1493 412 1587 434 autem
1609 407 1762 433 ordinarios
1784 412 1812 434 et
1834 407 1912 438 alios,
1934 406 1969 432 ad
1993 413 2063 439 quos

1132 445 1274 478 praedicta
1297 443 1472 477 spectabunt,
1495 450 1588 468 curam
1612 441 1776 475 pervigilem
1800 446 1828 468 et
1850 439 2065 467 sollicitudinem

1133 478 1256 504 debitam
1275 477 1461 512 praecipimus
1475 476 1620 507 adhibere,
1637 484 1672 502 ne
1685 476 1899 509 praemissarum
1915 478 2064 508 sequentes

1133 512 1215 545 invia,
1225 518 1252 538 et
1266 513 1386 546 ipsarum
1397 516 1475 536 actus
1490 510 1652 536 temerarios
1666 510 1809 542 imitando,
1820 509 1981 544 praemissis
1991 516 2065 535 erro-

1133 547 1209 572 ribus
1226 552 1253 573 et
1272 546 1493 580 disputationum
1511 550 1538 570 et
1556 544 1795 578 praedicationum
1813 544 2016 570 temeritatibus
2035 550 2066 568 se

1134 581 1346 612 involvant,eas‚
1354 588 1426 613 quae
1433 584 1528 605 contra
1539 578 1682 612 praedicta
1693 578 1996 612 praesumpserint,per
2002 585 2065 603 cen-

1135 623 1226 640 suram
1240 614 1457 641 ecclesiasticain
1471 613 1660 647 appellatione
1678 612 1835 646 postposita
1848 611 2065 646 compescendo.

1135 650 1218 674 Porro
1232 650 1372 677 mulieres,
1387 648 1574 681 quodcunque
1587 655 1690 672 nomen
1706 647 1853 678 habentes,
1871 654 1942 679 quae
1955 645 1990 672 de
2004 645 2066 677 illis,

1135 691 1168 708 ex
1182 683 1282 717 quibus
1297 683 1447 717 prohibitio
1462 681 1655 716 praecesserit,
1673 680 1826 714 culpabiles
1840 688 1871 706 se
1884 679 2066 711 reddiderint,

1135 721 1182 742 aut
1199 718 1298 744 merito
1312 717 1450 743 notabiles
1468 718 1513 742 vel
1531 720 1676 749 suspectas
1691 723 1764 747 esse,
1781 714 1803 739 si
1818 718 1920 740 statum
1932 714 1976 740 vel
1989 713 2066 739 habi-

1136 757 1193 777 tum
1206 760 1320 786 quoquo
1330 751 1416 776 modo
1427 751 1602 782 mutaverint,
1608 758 1673 775 vere
1685 749 1736 774 sub
1743 748 1886 782 praedicta
1892 748 2066 774 decernimus

1136 794 1280 812 remancre
1297 794 1423 817 censura,
1445 790 1473 810 et
1491 785 1581 810 taliter
1599 789 1695 809 contra
1712 792 1760 809 eas
1782 791 1832 816 per
1849 783 1920 814 illos,
1942 782 1978 808 ad
1996 790 2066 816 quos

1136 820 1308 854 pertinuerit,
1325 820 1439 853 procedi
1458 819 1585 845 volumus
1599 823 1626 844 et
1644 817 1820 850 mandamus,
1835 817 1911 850 quod
1924 817 1959 842 ab
1973 824 2067 842 errore

1137 855 1172 881 de
1185 863 1262 880 more
1276 858 1423 880 revocatae
1436 862 1491 879 non
1505 854 1576 879 ultra
1588 853 1710 878 inficiant
1723 860 1804 878 sanas
1818 859 1894 878 oves.

1463 975 1685 1004 TITULUS
1712 974 1747 1003 X.

1238 1042 1294 1067 DE
1322 1041 1542 1073 CENSIBUS,
1568 1039 1890 1067 EXACTIONIBUS
1918 1038 1971 1065 ET

1394 1084 1812 1110 PROCURATIONIBUS.

1536 1169 1608 1189 CAP.
1623 1169 1675 1189 UN.

1138 1211 1209 1229 'l'axat
1223 1209 1398 1234 procurationes.
1418 1208 1500 1232 pabula
1515 1209 1620 1231 caritatis,
1636 1210 1658 1227 et
1676 1207 1799 1227 subsidium
1813 1207 1962 1227 caritativum.
1994 1207 2071 1227 Salvat

1138 1236 1262 1259 privilegia,
1270 1236 1438 1258 conventiones,
1449 1235 1628 1258 consuetudines,
1635 1236 1656 1253 et
1666 1234 1859 1257 praescriptiones,
1870 1236 1891 1252 et
1900 1234 2071 1252 indemnitatem

1138 1267 1266 1285 pauperum,
1286 1262 1373 1280 inhibet
1388 1260 1547 1283 contraveniri,
1566 1260 1629 1284 punit
1647 1261 1830 1283 transgressores,
1849 1261 1961 1278 eteorum
1976 1259 2071 1278 familia-

1178 1293 1212 1307 res
1223 1290 1264 1306 etc.
1291 1288 1320 1306 Et
1330 1287 1401 1306 locari
1410 1287 1476 1306 debet
1486 1287 1526 1305 sub
1536 1286 1636 1305 rubrica:
1651 1285 1679 1304 de
1689 1285 1793 1305 censibus
1803 1286 1825 1304 et
1834 1285 2035 1309 procurationibus.

1140 1346 1349 1372 Benedictus
1369 1347 1428 1372 XII.
1451 1345 1643 1380 Episcopus
1672 1353 1789 1370 servus
1812 1352 1986 1370 servorum
2008 1343 2070 1370 Dei

1334 1385 1375 1410 ad
1395 1388 1593 1418 perpetuam
1612 1383 1659 1409 rei
1678 1383 1880 1410 memoriam.

1209 1437 1266 1462 Vas
1284 1436 1429 1462 electionis
1443 1435 1543 1461 Paulus
1556 1435 1719 1469 Apostolus,
1738 1434 1867 1468 egregius
1885 1433 2071 1468 praedicator,

1141 1480 1171 1498 se
1185 1476 1213 1497 et
1226 1479 1285 1503 eos,
1304 1471 1349 1504 qui
1364 1479 1458 1496 secum
1472 1474 1559 1501 erant,
1577 1469 1696 1503 propriis
1709 1469 1839 1494 manibus
1852 1468 2004 1494 exhibebat
2011 1469 2029 1500 1,
2041 1472 2072 1493 ut

1141 1506 1262 1540 pseudo·
1274 1510 1302 1531 et
1313 1505 1438 1530 subdolis
1450 1503 1593 1538 operariis,
1604 1504 1655 1529 sub
1666 1503 1882 1537 praedicationis
1893 1503 1987 1537 specie
1996 1503 2073 1528 lucra

1142 1540 1323 1572 sectantibus,
1342 1540 1431 1565 locum
1446 1538 1649 1572 praecluderet,
1663 1542 1691 1563 et
1703 1537 1756 1570 his,
1770 1546 1840 1572 quos
1855 1538 1914 1571 ipse
1928 1537 2071 1570 pascebat,

1142 1575 1245 1609 pabulo
1258 1574 1335 1600 verbi
1349 1574 1412 1605 Dei,
1427 1581 1483 1598 non
1497 1573 1643 1598 exsisteret
1657 1580 1802 1598 onerosus.
1828 1572 1909 1604 Sane,
1923 1571 1988 1597 licet
2000 1571 2073 1597 circa

1141 1609 1310 1635 modestiam
1335 1609 1362 1633 in
1387 1607 1532 1641 exigendis
1562 1607 1802 1641 procurationibus
1828 1605 2032 1632 observandam
2056 1613 2074 1630 a

1142 1643 1406 1677 praedecessoribus
1420 1642 1522 1667 nostris
1532 1641 1666 1667 Romanis
1676 1641 1854 1666 Pontificibus
1867 1639 1989 1666 salubria
1999 1647 2073 1665 erna-

1143 1678 1268 1703 naverint
1293 1677 1427 1708 instituta,
1453 1676 1518 1710 quia
1542 1680 1645 1707 tamen,
1670 1675 1752 1709 (sicut
1777 1675 1949 1708 experientia
1970 1673 2073 1706 docet,)

1142 1712 1264 1737 nonnulli
1278 1712 1474 1745 praelatorum,
1485 1718 1537 1736 nec
1547 1718 1601 1735 non
1613 1709 1749 1735 dioecesis
1760 1709 1932 1741 nunciorum,
1942 1709 1987 1734 vel
1999 1708 2074 1741 lega-

1142 1752 1233 1772 torum
1243 1746 1415 1779 apostolicae
1427 1744 1553 1776 sediS,de
1565 1744 1666 1778 quibus
1676 1744 1779 1769 nullam
1789 1743 1892 1769 faciunt
1903 1743 2074 1769 mentionem

1142 1789 1284 1814 expresse,
1295 1781 1334 1806 sic
1348 1788 1378 1805 se
1391 1779 1573 1805 reddiderunt
1584 1783 1611 1804 et
1623 1778 1745 1804 reddunt
1757 1778 1785 1803 in
1796 1777 1931 1803 dictarum
1945 1784 2075 1811 procura—

1142 1815 1248 1840 tionum
1262 1814 1453 1840 exactionibus
1464 1821 1608 1844 onerosos‚
1619 1817 1648 1837 ut
1658 1812 1785 1846 oppressi
1799 1811 1903 1837 subditi
1914 1810 2073 1836 huiusmodi

1143 1857 1227 1874 onera
1240 1853 1381 1882 nequeant
1395 1852 1571 1881 supportare,
1589 1851 1617 1872 et
1629 1847 1732 1872 victum
1746 1846 1820 1879 longi
1834 1845 1967 1879 temporis
1981 1845 2073 1871 brevis

1142 1884 1209 1909 hora
1234 1887 1390 1908 consumat:
1416 1890 1477 1913 nos,
1501 1881 1687 1911 attendentes,
1713 1880 1790 1914 quod
1815 1884 1945 1914 parentes
1970 1879 2074 1905 debent

1143 1918 1326 1943 thesaurizare
1340 1917 1410 1948 filiis,
1429 1924 1484 1941 non
1498 1915 1599 1940 delitiis
1613 1915 1765 1940 fastidiosis
1779 1922 1875 1940 eorum
1889 1913 2074 1940 substantiam

1141 1952 1304 1983 absorbere,
1317 1960 1349 1976 ac
1363 1951 1507 1984 cupientes
1522 1958 1571 1983 pro
1585 1949 1746 1975 diversitate
1760 1948 1949 1974 conditionum
1962 1947 2074 1973 visitan-

1144 1987 1211 2012 tium
1223 1986 1411 2019 praelatorum
1422 1989 1449 2010 et
1463 1983 1675 2018 provinciarum,
1685 1991 1718 2008 ac
1728 1983 1980 2009 ecclesiasticarum
1991 1981 2076 2007 etiam

1143 2021 1313 2051 facultatum,
1331 2024 1437 2045 certum
1450 2018 1565 2044 modum
1578 2017 1763 2043 sufficientem
1781 2017 1956 2043 visitantibus
1970 2020 1999 2042 et
2011 2024 2076 2050 sup-

1142 2054 1310 2088 portabilem
1327 2053 1445 2079 visitatis
1464 2053 1490 2078 in
1508 2052 1670 2086 praemissis
1688 2051 1747 2078 fore
1765 2051 1800 2077 de
1819 2056 1911 2077 cetero
1926 2051 2075 2077 observan-

1143 2090 1218 2121 dum,
1229 2089 1264 2114 de
1278 2089 1393 2114 fratrum
1404 2091 1562 2119 nostrorum
1573 2087 1688 2112 consilio
1702 2085 1856 2120 praesentis
1871 2085 2075 2111 constitutionis

1143 2124 1235 2149 edicto
1249 2123 1404 2154 statuimus,
1419 2116 1603 2157 quedl-quum
1616 2121 1643 2146 in
1653 2121 1794 2152 Franciae,
1806 2121 1955 2152 Navarrae,
1965 2119 2075 2145 Maiori-

1143 2166 1237 2183 carum
1255 2157 1348 2189 regnis
1366 2165 1397 2182 ac
1416 2157 1504 2188 terris,
1522 2155 1670 2189 provinciis
1689 2159 1716 2180 et
1733 2154 1858 2188 partibus
1875 2153 2075 2186 adiacentibus,

1144 2197 1171 2218 et
1194 2193 1220 2217 in
1242 2192 1339 2216 vicinis
1362 2190 1479 2222 eisdem,
1501 2198 1552 2216 nec
1569 2197 1625 2215 non
1643 2189 1669 2214 in
1687 2189 1867 2223 Delphinatu,
1888 2187 2076 2221 Burgundiae,

1144 2226 1311 2257 Sabaudiae,
1327 2225 1494 2256 Provinciae,
1508 2229 1536 2250 et
1548 2223 1736 2257 Forcalquerii
1751 2223 1929 2248 comitatibus
1942 2221 2077 2256 archiepi-

1145 2261 1222 2294 scopi
1237 2265 1263 2286 et
1278 2259 1413 2294 episcopi,
1431 2267 1463 2284 ac
1477 2258 1521 2284 alii
1535 2257 1651 2292 praelati
1667 2262 1695 2283 et
1709 2266 1846 2291 personae
1860 2256 2075 2289 ecclesiasticae,

1146 2295 1246 2328 quibus
1260 2294 1287 2319 id
1306 2294 1341 2320 de
1360 2294 1417 2319 iure
1431 2293 1475 2318 vel
1493 2292 1695 2318 consuetudine
1708 2291 1851 2326 competit,
1869 2299 1935 2317 suos
1948 2289 2076 2316 subditos

1145 2329 1328 2363 personaliter
1341 2328 1501 2358 visitabunt,
1514 2327 1599 2352 iidem
1609 2326 1812 2360 archiepiscopi
1825 2334 1842 2351 a
1854 2326 1911 2351 suis
1924 2325 1969 2351 vel
1981 2324 2077 2350 suffra-

1145 2372 1298 2396 ganeorum
1315 2370 1427 2388 suorum
1446 2361 1652 2387 cathedralibus
1671 2360 1796 2386 ecclesiis
1814 2368 1864 2394 pro
1882 2359 2078 2394 procuratione

1145 2398 1225 2423 unius
1244 2397 1298 2422 diei
1317 2397 1374 2422 sive
1394 2397 1419 2421 in
1433 2395 1607 2427 victualibus,
1626 2396 1684 2420 sive
1697 2403 1713 2420 a
1732 2395 1889 2420 volentibus
1903 2394 1930 2419 in
1947 2393 2075 2428 pecunia,

1145 2432 1216 2457 ultra
1235 2436 1431 2462 trecentorum,
1449 2439 1465 2455 a
1482 2429 1658 2455 monasteriis
1677 2437 1743 2454 vero
1761 2433 1789 2454 et
1807 2429 1867 2454 aliis
1882 2427 2016 2460 ecclesiis,
2034 2427 2078 2453 vel

1146 2466 1312 2500 prioratibus
1332 2465 1521 2491 saecularibus
1538 2464 1582 2489 vel
1600 2463 1784 2497 regularibus,
1805 2462 1973 2488 habentibus
1995 2461 2078 2488 colle-

1146 2501 1222 2533 gium
1233 2501 1276 2526 vel
1287 2504 1455 2525 conventum
1463 2498 1612 2524 duodecim
1622 2498 1666 2523 vel
1678 2497 1796 2531 plurium
1806 2505 1998 2531 personarum,
2006 2496 2077 2521 ultra

1146 2536 1329 2560 ducentorum
1347 2542 1378 2559 ac
1393 2533 1604 2566 quinquaginta,
1618 2532 1653 2557 ab
1667 2531 1834 2557 habentibus
1848 2539 1914 2557 vero
1929 2537 2078 2564 paucarum

1147 2577 1327 2603 personarum
1341 2568 1489 2600 collegium
1507 2575 1555 2593 seu
1570 2571 1746 2598 conventum,
1763 2570 1791 2592 et
1804 2565 1947 2599 quibusvis
1960 2564 2020 2590 aliis
2034 2571 2077 2590 ec-

1147 2603 1247 2635 clesiis,
1266 2602 1432 2636 prioratibus
1447 2607 1474 2627 et
1492 2601 1560 2626 locis
1576 2601 1647 2626 ultra
1660 2600 1856 2631 ducentorum;
1875 2599 2000 2633 episcopi
2013 2605 2078 2624 vero

1146 2638 1181 2663 ab
1200 2637 1326 2663 ecclesiis
1344 2636 1550 2662 cathedralibus
1568 2636 1639 2660 ultra
1656 2634 1849 2666 ducentorum,
1870 2642 1887 2659 a
1903 2631 2078 2659 monasteriis

1147 2680 1212 2697 vero
1227 2676 1254 2697 et
1269 2671 1393 2697 ecclesiis
1407 2670 1476 2702 aliis,
1489 2678 1521 2695 ac
1535 2669 1702 2703 prioratibus
1716 2668 1904 2694 saecularibus
1917 2668 1961 2693 vel
1971 2666 2077 2700 regula-

1148 2707 1233 2738 ribus,
1251 2705 1400 2738 collegium
1413 2704 1581 2730 habentibus
1596 2703 1745 2728 duodecim
1758 2703 1801 2728 vel
1814 2702 1934 2736 plurium
1946 2707 2077 2735 persona·

1148 2749 1217 2772 rum,
1231 2740 1302 2765 ultra
1315 2744 1426 2765 centum
1438 2743 1466 2764 et
1478 2738 1670 2772 quadraginta3
1681 2737 1715 2762 ab
1727 2737 1895 2762 habentibus
1905 2743 1970 2762 vero
1983 2741 2077 2768 perso-

1148 2783 1244 2800 narum
1263 2774 1411 2807 collegium
1434 2773 1604 2806 pauciorum,
1622 2776 1650 2798 et
1673 2771 1841 2805 quibuslibet
1863 2770 1923 2796 aliis
1946 2767 2078 2799 ecclesiis,

1149 2808 1315 2842 prioratibus
1333 2812 1360 2834 et
1378 2807 1455 2839 locis,
1473 2807 1542 2832 ultra
1559 2810 1670 2832 centum
1694 2810 1722 2831 et
1744 2805 1939 2839 quadraginta;
1961 2802 2079 2828 abbates

1149 2851 1262 2877 quoque
1276 2852 1291 2868 a
1304 2842 1481 2868 monasteriis
1494 2841 1538 2867 vel
1556 2840 1732 2874 prioratibus,
1746 2839 1912 2865 habentibus
1931 2836 2077 2869 collegium

1149 2877 1299 2903 duodecim
1320 2876 1365 2902 vel
1386 2876 1507 2910 plurium
1528 2882 1718 2909 personarum,
1737 2874 1808 2899 ultra
1825 2876 1944 2903 centum,
1961 2870 1996 2896 ab
2019 2870 2078 2896 aliis

1200 2981 1253 3000 Tit.
1267 2980 1305 3000 IX.
1334 2980 1396 3004 Cap.
1410 2985 1447 2998 un.
1475 2978 1495 3002 1)
1506 2977 1538 3000 M,-
1552 2989 1576 2992 —
1594 2977 1622 3003 cf,
1642 2976 1708 2998 eiusd.
1730 2975 1788 3002 epist.
1807 2973 1836 2995 ad
1853 2979 1883 2999 21¹·
1902 2973 2034 2998 Arqcntorat.
2045 2979 2079 2999 ap.

1150 3006 1223 3026 uulua.
1238 3006 1292 3025 Vitae
1300 3011 1349 3031 pap.
1360 3005 1459 3024 Avenion.
1470 3005 1498 3028 Π,
1509 3006 1553 3024 436.

1200 3033 1253 3052 Tit.
1268 3033 1294 3051 X.
1325 3032 1341 3052 C
1349 3037 1387 3055 ap.
1402 3036 1440 3050 uu.
1469 3031 1489 3055 1)
1499 3030 1542 3050 Act.
1551 3031 1598 3050 XX.
