2243 3288
160 249 224 275 125»ss

162 325 348 361 praesentium
363 329 389 350 ct
402 324 565 350 memori-un
579 323 732 348 futurorum
750 323 909 348 huiusmodi
928 323 1092 349 reservatio—

164 370 226 386 nem
240 368 300 384 cuin
314 359 459 391 praemissi
478 357 689 390 interpositione
704 357 808 382 decreti
822 357 904 382 scribi
918 362 945 382 et
963 357 990 382 in
1004 357 1092 391 publi-

163 403 221 419 mni
237 394 351 418 formam
366 392 454 428 redigi
473 392 601 417 iussimus
616 399 666 424 per
679 391 850 416 bernardum
865 391 990 424 Caprarii
1003 391 1092 425 publi-

163 437 222 453 cum
242 426 376 451 notarium
396 426 465 451 intra
484 426 626 459 scriptum.
649 434 732 458 quani
747 425 830 450 etiam
850 425 941 457 sigilli,
960 434 1014 458 quo
1033 431 1092 452 ute-

163 464 258 487 b.unur
281 461 345 485 olim
370 459 569 492 burdegalensi
592 459 727 485 ecclesiae
749 459 952 493 praesidentes,
975 459 1092 486 fecimus

160 495 329 529 appensione
344 495 452 519 inuniri.
482 495 584 519 Datum
598 494 772 527 Burdegalae
786 494 816 519 11.
828 496 840 511 θ
854 494 914 520 Kal.
927 495 999 527 Aug.
1014 494 1092 520 Pont.

161 529 246 555 nostri
259 530 311 554 Ao.
326 529 344 554 1.
358 527 459 563 [1300]

562 597 634 617 CAP.
651 597 688 616 lv.

162 634 220 656 Papa
240 632 274 650 liic
294 633 365 655 primo
379 632 524 650 ambitionem
540 634 560 650 et
580 632 771 655 importunitatem
787 631 925 654 quorundam
941 631 1094 654 religiosorum

162 662 181 676 r:
206 658 352 676 >aeeiilariuiii
376 663 440 680 super
463 658 591 676 obtinendis
615 658 715 681 pluribus
738 657 852 675 beneficiis
876 657 1034 680 dispensative,
1057 658 1095 681 qui

163 684 321 701 insufficientes
332 684 463 707 quandoque
474 686 537 701 erant
548 689 587 706 pro
598 689 648 704 unov
661 684 683 701 in
694 683 787 701 diversis
798 683 940 705 loeissegznis
950 686 971 701 et
981 683 1030 701 aliis
1041 683 1095 701 lucis

160 710 292 727 distantibus
304 710 408 728 recitans.
419 709 509 732 apponit
520 709 593 732 plures
605 714 630 727 ex
642 709 682 727 line
694 709 849 729 euntium-ntes
860 709 1062 731 invunvonienllns,
1073 711 1094 727 et

159 736 247 753 nui-leui
268 735 351 756 statuit,
370 735 428 757 quud
447 740 532 754 munes.
552 735 650 757 exceptis
668 734 820 753 cardinalibus
839 740 864 752 av
885 740 959 757 regum
979 734 1038 755 tiliis,
1057 735 1094 758 qui

161 766 224 783 super
239 761 366 783 pluralitate
383 760 548 780 benerit-iurum,
568 766 624 783 quae
639 761 694 778 :ilias
709 760 736 777 de
752 760 798 778 inre
814 765 858 778 uon
873 762 975 783 poteraut
990 761 1094 779 obtineri.

159 786 347 809 disponsatiniiviii
359 786 469 806 obtinent.
481 791 548 804 unuin
560 792 609 804 euin
621 786 745 806 ‹*tlr:=.ssli11‹l
756 786 804 803 sine
815 791 867 804 rura
878 786 963 808 possint.
973 791 985 804 a
995 788 1094 809 tempore

160 812 252 829 notitiae
268 819 278 829 t·
321 818 350 830 ‘re
366 812 424 830 intra
439 817 545 831 mensem.
567 815 587 829 et
607 811 650 830 alia
669 817 718 829 eum
739 811 818 829 effen-tu
833 811 946 830 dimittere
965 812 1094 833 teneantur-3

158 838 212 855 :ilias
223 843 282 855 ouini
318 846 326 853 s
342 837 373 855 sic
389 837 521 860 dispensatis
532 838 574 856 sint
591 837 638 860 ipso
650 838 696 855 iure
707 837 794 860 priv-'ni⁴
822 837 849 855 ΕΙ
865 837 923 855 idem
935 837 962 855 de
973 837 1093 859 benefieiis,

160 864 181 881 in
193 863 272 886 quibus
327 866 358 881 est
370 863 397 881 nd
409 869 462 883 reni.
478 863 529 881 «iuni
545 864 668 882 vacabunt:
683 863 709 881 de
725 862 824 886 pluribus
835 863 901 881 etiam
912 863 1001 886 talibus,
1013 863 1094 881 iniuste

158 891 231 907 ttulit-n
247 892 267 906 et
282 889 330 907 siue
340 889 505 912 dispensatione
516 888 618 909 detentis.
635 889 730 908 ordinat.
746 888 803 911 quod
815 888 917 907 ultimum
933 889 1054 912 retineant,
1070 891 1092 907 et

159 915 234 932 omnia
250 914 294 932 alia
308 914 421 932 dimittant
437 915 494 932 iutra
510 920 620 934 mensem:
636 914 734 937 alioquin
750 914 854 932 omnibus
864 914 907 932 sint
922 914 1010 937 privati.
1039 915 1092 933 ltem

157 940 211 958 vult.
224 939 488 963 quotl.=111i:=1nodutalin
500 941 630 963 receperint.
638 940 791 958 dimissionem
803 939 912 963 deprimo
925 940 1007 958 faciant
1019 946 1092 958 coram

159 965 273 983 ordinario
293 971 341 984 euin
361 966 452 985 effectu:
475 966 574 988 alioquin
594 966 637 984 siut
657 966 760 983 omnibus
779 966 825 988 ipso
846 965 893 983 iure
911 965 999 988 privati.
1032 968 1093 988 Quae

160 991 234 1009 omnia
254 991 285 1009 sie
304 992 407 1009 vacantia
426 991 566 1014 dispositioni
586 991 721 1015 apostolicae
740 991 799 1009 sedis
819 992 925 1013 reservat,
945 991 1094 1014 interpretans

158 1017 284 1035 nniinarins
303 1017 325 1035 iu
345 1017 386 1035 lim·
405 1022 455 1035 casu
475 1017 533 1035 solos
552 1017 696 1035 dioecesanos
716 1016 874 1035 beneficiorum
895 1017 925 1034 sic
942 1016 1092 1035 dimissorum.

163 1043 217 1061 ltein
229 1043 269 1060 hnc
281 1042 326 1061 rult
337 1043 364 1061 de
374 1043 427 1061 solis
438 1043 552 1061 boneficiis
563 1043 665 1066 intelligi,
678 1043 699 1061 in
710 1042 790 1066 quibus
800 1042 848 1066 quis
859 1047 899 1065 per
907 1048 930 1060 se
940 1042 976 1060 vel
986 1043 1093 1061 vicarium

159 1073 221 1087 suurn
233 1068 379 1092 temporalem
390 1074 466 1087 curam
476 1069 600 1087 animarum
612 1069 646 1087 vel
663 1068 801 1091 spiritualem
817 1067 994 1087 iurisdictionem
1006 1070 1095 1088 exercet

350 1095 377 1113 dc
388 1094 549 1113 consuetudine
560 1094 595 1113 vel
607 1094 634 1113 de
645 1095 699 1113 iure.
728 1094 755 1112 H.
767 1094 787 1112 d.
798 1093 825 1112 de
836 1093 904 1112 Laud.

162 1144 305 1170 Ioannes
324 1144 410 1170 XXII.
430 1144 620 1178 Episcopus
644 1152 762 1170 servus
781 1151 954 1170 servorum
973 1143 1034 1170 Dei
1053 1144 1094 1170 ad

382 1188 580 1217 perpetuam
599 1183 647 1208 rei
666 1182 869 1208 memoriam.

219 1229 403 1255 Exsecrabilis
415 1230 589 1263 quorundam
599 1234 655 1256 tarn
666 1229 860 1264 religiosorum
871 1234 923 1256 etc.
935 1229 979 1263 (cf.
986 1229 1092 1255 Eume.

158 1265 251 1291 Ioann.
265 1264 351 1290 XXII.
365 1265 400 1289 iil.
414 1265 458 1290 111.
472 1274 492 1289 c.
508 1265 562 1298 un.)

569 1334 610 1353 CA
617 1334 642 1353 1‘.
658 1335 684 1354 V.

158 1368 305 1392 Episcopatus
315 1368 462 1388 Tliolosanus.
474 1368 495 1386 in
507 1368 614 1387 reditibus
626 1368 744 1392 plurimum
755 1367 878 1390 abundans
890 1368 912 1386 in
923 1373 1003 1386 novam
1014 1370 1094 1387 metro·

158 1394 226 1418 polim
237 1397 326 1417 propter
336 1394 470 1417 multiplices
481 1400 558 1413 causas
568 1395 602 1413 liis
613 1400 728 1418 expressas
739 1394 837 1417 erigitur,
853 1394 888 1412 cni
898 1399 937 1417 pro
948 1394 1093 1417 suffraganeis

158 1420 260 1439 ecclesiis
274 1422 325 1438 sunt
339 1420 456 1443 deputatae
471 1422 565 1443 quatu-u-
579 1420 647 1439 villae
663 1421 685 1438 in
700 1425 769 1438 novas
780 1420 881 1438 ciximtes
896 1423 990 1441 erectae,
1006 1420 1093 1438 adiecta

159 1451 208 1464 rum
219 1446 264 1464 illis
279 1445 374 1464 ecclesia
383 1446 536 1468 Apauiiarum.
564 1446 592 1464 Et
607 1446 687 1469 quibus
698 1445 808 1469 episcopis
819 1448 841 1463 et
850 1445 1023 1469 archiepiscopis
1034 1446 1093 1469 prius

158 1472 270 1491 suberant.
285 1471 382 1494 quidque
393 1477 466 1489 earum
479 1471 571 1490 cuilibet
581 1477 620 1494 pro
631 1472 740 1490 reditibus
750 1472 777 1489 sit
788 1471 932 1493 assimiatuni.
944 1471 979 1489 liin
989 1471 1093 1494 exprimi-

158 1500 204 1515 tur:
220 1499 240 1515 et
256 1497 345 1515 tandein
361 1502 469 1515 censurae
483 1497 648 1516 ecclesiastieae
664 1497 686 1515 in
702 1497 795 1516 rebelles
810 1497 960 1520 proferuntur.
988 1497 1092 1518 Adverte,

157 1522 215 1545 qumi
227 1522 322 1540 ecclesia
332 1523 360 1541 de
370 1523 444 1541 Vax-ru
456 1525 477 1540 et
487 1523 583 1541 ecelesia
593 1523 620 1541 de
631 1523 737 1546 Mirapiee
747 1524 798 1540 sunt
808 1523 848 1540 suli
859 1522 955 1540 ecclesia
965 1522 1093 1541 'l'liolosana

158 1551 263 1571 tanquam
274 1548 436 1571 suffraganeae,
452 1548 503 1567 lieet
519 1549 546 1566 de
560 1548 604 1566 illis
619 1548 654 1566 liic
665 1549 749 1567 mentio
764 1548 826 1566 nulla
840 1548 884 1566 iiat.
912 1548 1003 1567 Utilitas
1014 1553 1040 1567 ex
1051 1548 1092 1567 hoc

158 1573 255 1597 rapnulo
279 1573 379 1594 liabetur.
404 1574 508 1597 quoniam
533 1575 687 1597 cognoscimus
711 1579 788 1592 causas
813 1573 913 1595 erigendi
933 1575 955 1592 et
977 1574 1092 1592 dividendi

158 1600 270 1620 ecclesias,
289 1600 344 1617 alias
363 1599 413 1617 aliis
432 1600 573 1619 subiiciendi.
589 1602 610 1618 et
630 1600 685 1618 alias
700 1600 727 1617 ab
743 1599 793 1618 :iliis
807 1599 928 1619 eximendi.
943 1601 965 1618 et
979 1599 1006 1618 :id
1021 1599 1092 1618 solum

158 1626 240 1648 Papam
260 1625 314 1643 tinec
333 1625 408 1643 onmia
428 1628 534 1648 spectare,
555 1626 590 1644 cui
605 1626 628 1643 in
643 1625 750 1649 singulari
771 1625 887 1648 privilegio
902 1625 999 1644 maiores
1013 1631 1092 1644 causae

160 1651 288 1675 maioraque
300 1651 389 1675 negotia
400 1653 548 1673 reservantur,
564 1652 623 1674 patet
639 1651 661 1669 in
672 1657 719 1674 cap.
731 1652 749 1669 1.
760 1650 787 1669 de
798 1651 898 1669 translat.
910 1651 976 1674 episc.
987 1656 1036 1670 cuin
1047 1651 1093 1670 suis

541 1676 707 1696 concordantiis

501 1719 643 1744 loannes
663 1718 749 1744 XXII.

226 1761 353 1787 Salvator
373 1765 477 1793 noster,
499 1761 576 1786 cuius
601 1761 679 1786 nutui
701 1765 800 1786 cuncta
822 1761 954 1793 serviunt,
976 1761 1003 1786 in
1024 1769 1092 1794 agro

156 1795 252 1822 mundi
274 1796 355 1821 liuius
377 1803 499 1821 messem
521 1795 637 1820 multam
658 1795 828 1829 adspiciens,
851 1800 878 1821 et
901 1795 1092 1828 operariorum

157 1831 299 1856 raritatem
313 1829 471 1861 attendens,
485 1829 637 1855 Dominum
654 1829 754 1855 messis
768 1829 923 1862 rogandum
937 1838 1009 1862 esse,
1023 1834 1052 1855 ut
1066 1829 1092 1854 in

158 1865 234 1890 illam
247 1864 391 1898 operarios
404 1863 536 1895 mitteret,
551 1863 667 1895 censuit,
680 1868 708 1889 et
726 1863 786 1897 ipse
803 1863 878 1889 idem
895 1863 980 1889 etiam
997 1864 1091 1890 exiens

158 1898 340 1930 mane,veluti
352 1902 431 1932 pater
442 1897 559 1923 familias
570 1897 697 1930 diligens,
704 1898 779 1923 horis
790 1897 845 1923 diei
855 1897 937 1923 variis
948 1898 1091 1931 operarios

158 1935 185 1958 in
196 1933 306 1958 vineam
317 1941 395 1957 suam
406 1932 489 1957 misit.
511 1932 654 1957 Romanus
665 1932 759 1965 itaque
769 1931 980 1964 Pontifex,sicut
990 1932 1091 1958 eodem

158 1967 280 1993 Domino
294 1966 462 2000 disponente
479 1967 598 1991 vicarius
613 1966 672 1991 eius
690 1966 716 1991 in
735 1966 814 1992 terris
833 1974 896 1992 esse
910 1966 1091 1999 dignoscitur,

159 2002 198 2027 sic
217 2007 244 2026 et
262 2001 347 2034 ipsius
365 2001 482 2032 actibus,
496 2001 522 2026 in
536 2005 670 2034 quantum
688 2000 752 2025 sinit
768 2000 889 2026 humana
901 2000 1046 2033 fragilitas,
1060 2009 1091 2026 se

157 2035 332 2061 conformare
357 2040 475 2061 tenetur.
512 2035 568 2061 Ubi
593 2043 662 2067 ergo
688 2043 934 2067 superexcrescere
959 2043 1090 2067 messem,

158 2070 254 2104 populi
268 2069 398 2095 videlicet
414 2069 629 2101 multitudinem,
642 2068 754 2094 viderit:
777 2069 920 2102 operarios
939 2068 1024 2095 debet
1042 2077 1090 2103 op—

158 2110 292 2138 portunos
319 2103 450 2134 adiicere,
472 2108 500 2129 et
526 2103 601 2128 iuxta
626 2103 821 2137 propheticum
845 2103 962 2129 verbum
986 2111 1090 2137 augere

159 2138 328 2170 custodiam,
353 2137 485 2164 custodes
515 2142 542 2163 et
571 2138 692 2163 cultores
721 2137 839 2163 idoneos
869 2137 896 2163 in
921 2137 1089 2163 dominicam

158 2181 268 2198 vineam
291 2172 441 2198 destinare.
478 2172 550 2198 Sane
571 2171 782 2198 considerantes
803 2172 946 2204 attentius,
971 2177 999 2198 et
1020 2172 1091 2198 intra

159 2207 281 2241 pectoris
299 2207 419 2232 claustra
436 2206 616 2231 meditatione
634 2206 753 2232 sollicita
770 2206 955 2238 revolventes,
969 2206 1046 2240 quod
1063 2206 1090 2232 in

159 2246 236 2267 tanta
245 2241 421 2266 multitudine
435 2241 539 2274 populi,
550 2245 654 2274 quanta
664 2240 842 2266 foecundavit
852 2240 1012 2266 Altissimus
1026 2240 1089 2266 civi-

159 2281 245 2301 tatem
255 2281 282 2301 et
294 2274 446 2300 dioecesim
456 2275 653 2306 Tholosanam,
664 2275 835 2307 singulorum
846 2275 936 2300 vultus
947 2275 1090 2309 nequibat,

159 2315 189 2335 ut
207 2309 352 2341 condecet,
365 2309 460 2334 unicus
479 2314 574 2342 pastor
592 2309 737 2342 inspicere,
755 2314 801 2334 aut
819 2309 886 2335 alias
929 2314 1002 2335 artes
1024 2309 1090 2335 boni

160 2344 280 2378 pastoris
303 2343 427 2377 implere,
446 2343 579 2376 quodque
598 2343 696 2368 durum
718 2348 777 2369 erat
798 2348 882 2377 atque
900 2318 1022 2376 eiifficile,
1040 2351 1090 2377 per

161 2378 245 2404 talem
263 2378 347 2403 latam
365 2382 392 2403 et
409 2377 538 2402 diffusam
556 2377 707 2402 dioecesim
725 2378 761 2402 ad
779 2386 862 2403 unum
881 2382 987 2403 tanturn
1000 2387 1016 2403 a
1029 2386 1090 2411 per-

159 2413 235 2438 sonis
246 2412 440 2438 ecclesiasticis
451 2416 478 2437 et
488 2411 634 2436 mundanis
645 2419 786 2437 recursum
796 2412 902 2442 haberi;
913 2412 1090 2438 attendentes

160 2447 253 2478 etiarn,
273 2446 358 2480 quod,
375 2446 438 2471 licet
457 2446 632 2471 Tholosanus
650 2446 828 2479 episcopatus
850 2446 985 2472 reditibus
1004 2447 1090 2472 abun-

160 2481 239 2506 daret
257 2480 411 2511 immensis,
428 2488 482 2505 non
506 2485 599 2505 tamen
617 2486 761 2518 supererat
783 2481 926 2514 hucusque
946 2481 1090 2512 memoria,

161 2515 238 2549 quod
255 2523 289 2540 ex
306 2523 418 2540 suorum
437 2514 580 2548 opulentia
596 2522 710 2547 copiosa
727 2515 867 2540 redituum
883 2515 989 2548 aliquid
1007 2515 1033 2540 in
1047 2523 1090 2541 ec-

161 2549 245 2575 clesia
266 2549 310 2575 vel
332 2548 454 2574 dioecesi
472 2549 633 2574 Tholosana
655 2549 828 2582 provenisset
851 2549 878 2574 in
899 2549 983 2575 divini
1001 2549 1090 2575 cultus

160 2588 350 2615 augmentum,
369 2583 454 2608 immo
472 2583 511 2608 sic
528 2591 562 2608 ex
578 2582 662 2616 adipe
684 2583 824 2616 prodierat
842 2588 869 2609 et
892 2583 1022 2616 prodibat
1042 2583 1089 2609 ini-

161 2619 262 2651 quitas,
281 2623 308 2642 ut
327 2617 413 2642 multo
432 2617 485 2642 iam
504 2622 630 2650 tempore
649 2617 726 2642 luxus
745 2617 816 2642 circa
833 2618 922 2643 carnis
941 2617 1090 2650 desideria,

160 2652 334 2678 evectionum
352 2660 465 2685 pompa,
479 2651 651 2677 immensitas
669 2651 824 2683 clientelae,
838 2651 1022 2678 immoderata
1039 2652 1090 2677 dif-

162 2686 243 2711 fluxio
256 2686 283 2711 in
296 2690 437 2724 parentes,
451 2691 578 2719 sumptus
593 2693 720 2711 enormes
734 2690 781 2710 aut
799 2694 863 2711 usus
882 2686 1090 2712 extraordinarii

162 2721 213 2745 sibi
227 2720 415 2746 vindicassent
428 2720 531 2745 ibidem
546 2720 625 2754 quasi
641 2724 729 2745 totum
747 2719 942 2751 patrimonium
960 2720 1090 2752 crucifixi,

162 2761 188 2780 et
202 2754 354 2780 verendum
367 2759 435 2786 erat,
448 2762 483 2780 ne
497 2754 607 2786 praesul
623 2754 719 2779 unicus
732 2754 909 2779 'sliolosanus
923 2755 1089 2780 incrassatus

162 2794 187 2813 et
203 2789 342 2820 dilatatus,
355 2792 383 2814 et
396 2789 545 2814 excessivis
562 2788 722 2813 huiusmodi
740 2788 840 2822 opibus
858 2788 924 2813 alias
943 2789 1090 2822 superbus,

162 2823 317 2855 periculose
339 2822 515 2848 recalcitrans
533 2823 626 2848 Deum
644 2822 778 2848 factorem
796 2822 1011 2855 derelinqueret,
1030 2827 1056 2848 et
1074 2832 1091 2848 a

163 2865 212 2881 suo
234 2857 347 2882 salutari
369 2856 503 2882 recedens
529 2856 712 2890 pernitiosum
736 2856 892 2890 exemplum
914 2857 940 2881 in
963 2857 1090 2882 subditos

164 2890 313 2921 derivaret3
336 2895 486 2924 pensantes
505 2899 626 2924 quoque,
644 2890 721 2924 quod
739 2895 851 2917 sanctae
864 2890 1015 2916 memoriae
1029 2891 1090 2916 Cle-

164 2932 241 2949 mens
260 2925 334 2958 Papa
347 2925 380 2949 V.
398 2925 599 2958 praedecessor
616 2930 711 2951 noster
728 2925 829 2951 eodem
850 2925 933 2951 etiam
956 2929 1090 2958 tempore,

165 2966 218 2989 qim
233 2958 327 2983 civitas
342 2964 369 2984 et
383 2959 519 2984 dioecesis
533 2964 596 2985 ante
610 2959 684 2985 fatae
702 2959 785 2992 longe
798 2959 888 2984 minus
901 2959 927 2984 in
941 2959 1045 2992 populo
1059 2967 1090 2984 ac

164 2991 296 3017 reditibus
310 2992 470 3024 affluebant,
485 2998 576 3019 tamen
590 3001 623 3019 ex
637 2998 701 3019 tunc
718 2993 903 3020 benedicente
916 2993 1038 3019 Domino
1051 2993 1090 3018 in·

215 3067 267 3086 Tit.
282 3068 308 3086 Π.
336 3068 450 3092 Cap.111.
478 3069 568 3093 eom:
582 3070 608 3088 i'b.

402 248 616 274 EX‘FRAVAG.
637 246 807 272 COMMUN.
827 246 891 272 Lm.
910 246 952 272 111.
971 245 1041 272 ΤΙΤ.
1060 246 1092 272 ll.
1109 245 1161 272 DE
1179 246 1409 273 PRAEBENDIS
1427 247 1476 273 ET
1494 247 1681 275 DlGNlTAT.
1701 256 1724 275 e.
1742 257 1766 282 4.
1787 255 1811 282 5.

1990 247 2057 274 1260

1129 323 1299 350 credibiliter
1316 324 1451 350 creverint
1470 325 1496 350 in
1514 329 1642 358 utroque,
1655 330 1683 352 et
1700 326 1801 359 iugiter
1817 333 1942 351 crescere
1959 324 2056 357 digno-

1127 363 1247 389 scantur,
1261 359 1357 392 spiritu
1375 359 1475 384 beatae
1493 359 1722 385 considerationis
1739 360 1867 386 inductus
1886 359 1921 384 ad
1945 359 2056 384 divisio-

1128 400 1190 418 nem
1204 393 1383 426 episcopatus
1397 393 1523 419 eiusdem
1537 393 1659 426 firmiter,
1673 394 1739 419 dum
1756 394 1871 426 viveret,
1884 393 2056 425 intendebat,

1128 426 1190 452 licet
1204 432 1293 452 morte
1307 432 1474 460 praeventus
1485 427 1602 453 suumin
1616 428 1667 453 hac
1681 433 1759 462 parte
1771 428 1927 467 nequiverit
1940 427 2057 460 implere

1129 467 1308 495 conceptum:
1332 469 1391 493 nos,
1406 461 1481 495 pium
1497 461 1721 495 praedecessoris
1739 467 1825 488 nostri
1843 462 2016 496 propositum
2030 462 2056 486 in

1129 494 1258 520 effectum
1276 496 1401 521 volentes
1419 496 1567 527 adducere,
1582 501 1609 522 et
1627 501 1682 521 tam
1700 496 1836 530 dissipare
1854 497 1965 527 malum,
1980 495 2056 529 quod

1130 529 1334 562 praedictorum
1365 530 1502 555 redituum
1528 530 1608 563 copia
1633 530 1774 556 excessiva
1803 530 1947 564 produxit,
1973 538 2057 564 quam

1129 563 1214 588 etiam
1227 565 1329 589 cultum
1343 573 1445 597 augere
1460 564 1581 589 divinum
1596 568 1623 590 et
1640 564 1811 598 spiritualem
1828 565 1980 590 animarum
1994 572 2057 597 pro-

1129 596 1242 629 fectum,
1256 606 1336 632 quos,
1348 600 1380 631 (st
1395 599 1468 624 iuxta
1482 598 1620 624 facultatis
1634 598 1801 631 exigentiam
1815 603 1843 624 et
1856 598 1984 624 diffusam
1999 598 2056 623 lati-

1130 631 1254 657 tudinem
1267 633 1358 658 dictae
1377 633 1514 659 dioecesis
1532 633 1672 658 sufficiens
1690 641 1820 658 numerus
1834 633 1860 658 in
1874 633 1973 658 eadem
1987 632 2057 657 utili-

1130 669 1186 691 tate
1208 667 1368 699 praesulum
1390 667 1558 700 deputetur,)
1578 667 1604 692 in
1627 667 1712 692 dubio
1735 667 1882 700 provenire
1903 675 2057 700 speramus,

1129 707 1294 732 promovere
1316 701 1461 726 salubriter
1484 701 1670 732 intendentes,
1687 701 1847 735 praemissis
1870 705 1897 726 et
1918 701 1978 726 aliis
1996 709 2057 726 sua-

1130 733 1260 759 dentibus
1283 735 1360 761 iustis
1382 736 1483 767 causis,
1501 744 1533 761 ex
1553 740 1627 761 certa
1645 740 1739 760 nostra
1756 735 1881 767 scientia,
1895 735 1930 760 de
1943 735 2058 760 fratrum

1129 772 1286 794 nostrorum
1304 769 1419 795 consilio
1438 770 1578 801 concordi,
1592 775 1619 796 et
1636 769 1807 803 apostolicae
1825 769 1995 802 plenitudine
2009 777 2058 803 po-

1129 803 1248 834 testatis,
1261 803 1296 828 ad
1310 803 1420 829 laudem
1435 804 1497 835 Dei,
1511 804 1707 830 exaltationem
1721 803 1866 835 ecclesiae,
1879 803 2058 837 fideliumque

1130 836 1256 868 salutem,
1275 837 1466 871 episcopatum
1489 839 1579 872 ipsum
1601 839 1761 872 dictamque
1783 837 1935 863 dioecesim
1955 837 2058 863 Tholo-

1129 878 1224 895 sanam
1235 872 1389 904 apostolica
1399 873 1562 898 auctoritate
1573 872 1720 898 dividimus
1732 873 1758 897 in
1769 872 1892 906 quinque
1902 871 2057 904 dioeceses,

1130 912 1198 937 quas
1216 913 1266 938 per
1284 910 1374 931 certos
1393 906 1523 939 distingui
1542 907 1643 932 limites
1661 907 1803 938 faciemus,
1821 906 1947 932 volentes
1964 914 1997 931 ac
2011 905 2059 931 de-

1129 944 1285 971 cernentes,
1300 940 1374 973 quod
1393 946 1502 973 praeter
1520 941 1659 966 civitatem
1677 941 1875 972 Tholosanam,
1891 948 1962 973 quae
1980 948 2059 966 suam

1129 973 1271 1006 propriam
1281 978 1308 999 et
1322 974 1480 1000 distinctam
1494 975 1607 1001 habebit
1618 975 1769 1001 dioecesim
1781 975 1862 1000 certis
1876 974 1976 1000 finibus
1989 973 2058 999 limi—

1129 1007 1252 1039 tandam,
1265 1008 1438 1042 subscriptae
1458 1014 1575 1042 quatuor
1591 1009 1682 1042 villae,
1701 1017 1817 1043 quarum
1835 1008 1989 1042 quamlibet
2007 1008 2059 1035 eis-

1129 1041 1194 1066 dem
1207 1042 1323 1067 consilio
1338 1047 1364 1068 et
1377 1043 1541 1069 auctoritate
1559 1044 1586 1069 in
1600 1044 1739 1069 civitatem
1753 1043 1884 1076 erigimus
1898 1047 1925 1068 et
1939 1042 2057 1068 civitatis

1130 1075 1267 1101 vocabulo
1286 1076 1458 1109 insignimus,
1476 1078 1581 1104 scilicet
1599 1078 1634 1104 de
1651 1082 1746 1104 monte
1759 1078 1878 1108 Albano,
1897 1077 2005 1110 pridem
2023 1076 2058 1102 de

1130 1110 1292 1136 Caturcensi
1311 1110 1443 1143 dioecesi,
1457 1112 1499 1136 cui
1517 1112 1662 1138 adiicietur
1679 1117 1755 1138 certa
1776 1120 1840 1146 pars
1858 1111 1948 1137 dictae
1971 1119 2058 1144 quon-

1130 1143 1194 1169 dam
1208 1144 1346 1170 dioecesis
1359 1146 1546 1178 Tholosanae,
1559 1155 1591 1172 ac
1608 1146 1695 1172 sancti
1713 1146 1807 1180 Papuli
1826 1146 1861 1171 de
1878 1145 1963 1177 Rivis,
1977 1149 2005 1171 et
2022 1145 2058 1171 de

1130 1178 1294 1211 Lumberiis,
1312 1184 1340 1205 et
1361 1179 1397 1205 de
1418 1180 1479 1214 ipsa
1501 1180 1642 1214 quondam
1662 1180 1823 1206 Tholosana
1844 1179 1966 1205 dioecesi
1988 1179 2058 1205 exsi-

1129 1218 1245 1245 stentes,
1256 1218 1375 1246 quatuor
1385 1219 1530 1248 separatas
1541 1215 1686 1240 dioeceses
1699 1215 1821 1240 habeant
1832 1215 1913 1240 certis
1924 1214 2057 1240 limitibus

1130 1247 1355 1280 distinguendas;
1370 1248 1502 1282 quodque
1515 1249 1590 1274 beati
1604 1248 1713 1274 Martini
1728 1249 1763 1274 de
1776 1253 1870 1274 monte
1881 1248 2000 1280 Albano,
2010 1248 2058 1274 ubi

1129 1289 1230 1315 corpus
1244 1282 1331 1308 sancti
1345 1283 1487 1308 Theodori
1501 1283 1670 1309 confessoris
1688 1283 1787 1308 dicitur
1800 1291 1862 1308 esse
1875 1282 2058 1315 reconditum,

1128 1316 1288 1350 praedictae
1311 1316 1429 1342 civitatis
1451 1317 1552 1342 montis
1574 1317 1684 1349 Albani,
1705 1322 1733 1343 et
1754 1317 1828 1343 beati
1850 1316 1946 1350 Papuli
1967 1316 2058 1343 dictae

1129 1350 1245 1376 civitatis
1259 1351 1346 1376 sancti
1360 1351 1466 1385 Papuli,
1479 1352 1583 1377 Mariae
1597 1352 1632 1377 de
1646 1351 1828 1377 Lumberiaco
1843 1350 1961 1376 civitatis
1979 1359 2058 1384 prae-

1129 1384 1203 1410 fatae
1216 1385 1399 1417 Lumberiaci,
1412 1394 1463 1411 nec
1476 1394 1531 1411 non
1545 1386 1645 1411 beatae
1659 1386 1764 1411 Mariae
1781 1385 1816 1411 de
1829 1385 1905 1410 Rivis
1924 1385 2059 1411 ecclesiae

1129 1419 1217 1452 ipsius
1228 1419 1346 1445 civitatis
1356 1420 1494 1452 Rivensis,
1505 1420 1558 1445 sint
1570 1420 1604 1446 de
1615 1424 1709 1446 cetero
1720 1424 1747 1445 et
1757 1420 1911 1445 habeantur
1921 1423 2057 1453 perpetuo

1129 1453 1263 1479 ecclesiae
1277 1454 1460 1480 cathedrales.
1497 1455 1532 1480 Et
1545 1455 1609 1488 quia
1627 1455 1745 1480 ecclesia
1757 1454 1918 1479 Tholosana
1930 1453 2000 1479 sicut
2013 1461 2057 1479 so-

1128 1487 1245 1513 lenniori
1259 1492 1332 1513 statu
1346 1493 1373 1514 et
1387 1488 1546 1514 conditione
1560 1489 1661 1522 potiori
1672 1488 1801 1522 refulget,
1811 1488 1851 1514 sic
1861 1492 1889 1514 et
1901 1487 2057 1521 grandioris

1128 1521 1242 1548 honoris
1261 1522 1345 1548 titulis
1364 1522 1506 1548 efferenda
1524 1528 1576 1555 est,
1589 1523 1679 1556 ipsam
1695 1523 1842 1556 hucusque
1854 1522 2058 1556 suffraganeam

1129 1556 1263 1582 ccclesiae
1276 1557 1475 1589 Narbonensis,
1489 1565 1521 1583 ac
1535 1561 1621 1582 totam
1635 1557 1776 1591 quondam
1790 1557 1943 1583 dioecesim
1955 1557 2057 1582 Tholo-

1129 1599 1224 1616 sanam
1247 1591 1282 1616 de
1305 1591 1420 1617 fratrum
1442 1597 1600 1617 nostrorum
1622 1591 1746 1624 consilio,
1764 1596 1792 1617 et
1813 1600 1847 1617 ex
1868 1595 1943 1617 certa
1963 1594 2059 1617 nostra

1127 1625 1244 1650 scientia
1257 1629 1284 1651 et
1297 1626 1468 1659 apostolicae
1481 1625 1653 1660 plenitudine
1670 1625 1827 1660 potestatis,
1839 1625 1874 1651 ab
1893 1626 1966 1651 omni
1981 1625 2058 1651 iuris-

1128 1658 1258 1692 dictione,
1271 1664 1412 1693 potestate
1430 1668 1463 1686 ac
1481 1660 1653 1686 subiectione
1671 1660 1883 1694 archiepiscopi,
1901 1659 2013 1694 capituli
2031 1663 2059 1685 et

1128 1693 1254 1719 eiusdem
1273 1694 1409 1720 ecclesiae
1426 1694 1616 1720 Narbonensis
1634 1694 1745 1728 penitus
1763 1694 1925 1727 eximentes,
1943 1702 2005 1720 eam
2022 1693 2059 1720 ad

1127 1727 1240 1753 laudem
1262 1728 1346 1753 divini
1368 1729 1487 1754 nominis
1505 1734 1532 1755 et
1550 1729 1685 1754 honorem
1703 1728 1839 1755 ecclesiae
1856 1732 1970 1754 sanctae
1991 1736 2059 1754 suae

1128 1761 1154 1786 in
1171 1762 1439 1796 archiepiscopalem
1457 1771 1506 1789 seu
1523 1763 1767 1797 metropolitanam
1784 1763 1925 1797 erigimus,
1938 1770 2058 1796 eamque

1127 1796 1278 1822 honoribus
1289 1801 1317 1822 et
1327 1797 1452 1830 insigniis
1464 1797 1539 1823 sedis
1549 1797 1745 1831 metropolitae
1755 1797 1929 1830 decoramus,
1939 1797 2057 1822 auctori-

1128 1834 1184 1855 tate
1205 1831 1360 1864 apostolica
1382 1831 1569 1864 decernendo,
1591 1835 1620 1856 ut
1642 1839 1748 1857 exnunc
1770 1840 1820 1865 pro
1841 1831 2058 1865 metropolitana

1127 1864 1245 1890 ecclesia
1259 1865 1285 1890 in
1300 1870 1466 1898 perpetuum
1479 1866 1624 1891 habeatur.
1652 1866 1689 1890 Et
1702 1865 1767 1899 quia
1779 1865 1863 1891 etiam
1877 1865 1992 1899 dignum
2005 1869 2057 1898 est,

1126 1903 1165 1930 ut,
1187 1907 1220 1924 ex
1245 1907 1300 1932 quo
1326 1899 1361 1925 de
1386 1899 1441 1925 filia
1462 1899 1535 1925 sacta
1555 1904 1645 1925 mater
1668 1899 1888 1933 metropoliticae
1913 1899 2056 1932 dignitatis

1127 1933 1251 1967 suscepit
1273 1933 1402 1966 insignia,
1423 1938 1452 1959 et
1474 1933 1712 1967 suffraganearum
1737 1941 1891 1967 congruum
1911 1942 2058 1960 numerum

1127 1966 1242 1992 filiarum
1264 1975 1296 1992 ac
1318 1968 1465 1993 decentem
1487 1968 1656 2002 provinciam
1677 1968 1789 2000 habeat,
1811 1972 1840 1993 ut
1863 1967 1899 1993 ad
1924 1968 2056 1994 iudicium

1126 2001 1329 2035 archiepiscopi
1354 2002 1520 2034 Tholosani,
1542 2003 1588 2036 qui
1613 2010 1663 2036 pro
1689 2007 1814 2036 tempore
1838 2002 1934 2034 suerit,
1959 2010 2057 2028 omnes

1126 2044 1226 2062 causae
1248 2036 1488 2069 suffraganeorum
1510 2037 1705 2070 episcoporum
1722 2041 1750 2062 et
1767 2044 1950 2070 personarum
1967 2036 2055 2062 eccle-

1127 2069 1310 2102 siasticarum,
1320 2079 1352 2096 ac
1365 2070 1507 2096 civitatum
1520 2071 1647 2097 eiusdem
1660 2070 1818 2105 provinciae
1830 2071 1905 2096 iuxta
1916 2078 2058 2097 sacrorum

1125 2108 1228 2129 statuta
1241 2112 1378 2130 canonum
1394 2105 1562 2131 referantur:
1580 2113 1631 2131 nos
1645 2105 1786 2139 praefatas
1799 2109 1919 2138 quatuor
1932 2105 2057 2131 civitates

1126 2143 1153 2164 et
1175 2138 1307 2164 ecclesias
1329 2139 1504 2165 cathedrales
1527 2147 1589 2165 cuin
1607 2147 1701 2165 earum
1720 2139 1896 2165 dioecesibus
1914 2139 1955 2172 (ut
1977 2147 2056 2173 prae-

1125 2173 1251 2206 mittitur)
1277 2173 1504 2207 distinguendas,
1528 2182 1579 2199 nec
1603 2182 1659 2199 non
1688 2173 1829 2199 civitatem
1853 2178 1882 2199 et
1910 2174 2057 2200 ecclesiam

1124 2207 1306 2240 Apamiarum
1316 2215 1378 2232 curn
1389 2216 1440 2233 sua
1450 2208 1572 2234 dioecesi
1586 2216 1694 2234 exnunc
1706 2208 1792 2241 ipsius
1807 2208 1943 2233 ecclesiae
1953 2208 2056 2234 Tholo-

1125 2249 1209 2267 sanae
1223 2241 1413 2275 suffraganeas
1426 2250 1459 2267 ac
1472 2242 1507 2268 de
1521 2242 1663 2276 provincia
1675 2242 1837 2268 Tholosana
1849 2242 1876 2267 in
1889 2245 2056 2276 perpetuum

1126 2276 1184 2301 fore
1202 2276 1386 2308 decernimus,
1405 2281 1433 2302 et
1455 2277 1513 2302 iure
1535 2277 1738 2310 metropolitico
1757 2276 1928 2308 subiicimus‚
1947 2280 1974 2302 et
1992 2277 2056 2302 sub-

1125 2310 1211 2336 iectas
1229 2318 1292 2336 esse
1309 2311 1437 2336 volumus
1455 2319 1502 2336 eas
1521 2311 1567 2342 illi,
1586 2311 1812 2344 praenominatas
1830 2310 1932 2336 montis
1945 2310 2056 2344 Albani,

1125 2352 1196 2377 quae
1221 2344 1256 2370 de
1282 2344 1405 2370 dioecesi
1429 2345 1590 2371 Caturcensi
1615 2349 1643 2371 et
1667 2344 1831 2371 Bituricensi
1855 2345 2006 2378 provincia,
2028 2349 2056 2371 et

1125 2379 1305 2412 Apamiarum
1319 2379 1445 2405 civitates
1459 2384 1486 2405 et
1501 2379 1644 2412 ecclesias,
1657 2387 1729 2413 quae
1743 2379 1778 2405 de
1796 2379 1938 2413 provincia
1949 2379 2056 2405 Narbo-

1125 2413 1203 2438 nensi
1221 2413 1356 2438 hactenus
1374 2413 1461 2439 fuisse
1478 2418 1637 2445 noscuntur,
1651 2421 1702 2439 nec
1718 2421 1774 2439 non
1787 2413 1908 2447 reliquas
1922 2417 1978 2439 tres
1992 2413 2056 2439 civi-

1126 2451 1196 2473 tates
1211 2452 1239 2473 et
1252 2447 1384 2473 ecclesias
1402 2448 1488 2473 sancti
1502 2448 1607 2481 Papuli,
1621 2447 1749 2474 Rivensis
1764 2452 1792 2473 et
1804 2447 2056 2480 Lumberiacensis,

1127 2490 1198 2514 quae
1221 2482 1257 2507 ab
1279 2482 1345 2507 olim
1367 2482 1402 2508 de
1424 2482 1546 2508 dioecesi
1564 2482 1723 2508 Tholosana
1740 2482 1859 2514 fuerunt,
1877 2490 1940 2507 curn
1961 2490 2056 2508 earum

1126 2515 1300 2542 dioecesibus
1330 2516 1525 2548 conventibus,
1551 2517 1675 2549 collegiis
1704 2516 1762 2542 sive
1787 2516 1913 2550 capitulis
1938 2524 1955 2542 a
1978 2516 2056 2542 iuris-

1126 2550 1256 2582 dictione,
1270 2554 1412 2584 potestate
1424 2558 1456 2576 ac
1470 2551 1643 2576 subiectione
1656 2558 1823 2584 quacunque
1836 2550 2015 2576 Bituricensis
2028 2554 2057 2576 et

1126 2584 1314 2610 Narbonensis
1332 2584 1613 2618 archiepiscoporum,
1627 2593 1659 2610 ac
1674 2584 1850 2610 Caturcensis
1868 2589 1897 2611 et
1914 2584 2055 2618 quondam

1125 2619 1277 2644 'l'liolosani
1291 2619 1496 2652 episcoporum,
1510 2619 1693 2653 capitulorum
1707 2623 1734 2645 et
1747 2619 1881 2644 abbatum
1893 2623 1978 2652 atque
1991 2626 2056 2644 con-

1125 2657 1267 2684 ventuum,
1284 2657 1312 2678 et
1329 2653 1532 2679 ordinariorum
1550 2653 1738 2687 quorumlibet
1754 2653 1872 2679 aliorum
1890 2652 2055 2680 ecclesiasti-

1126 2695 1230 2718 corum,
1251 2687 1351 2720 quibus
1374 2687 1586 2721 quomodolibet
1608 2687 1717 2713 fuerant
1738 2687 1882 2721 hucusque
1904 2687 2054 2718 subiectae,

1125 2721 1290 2746 auctoritate
1311 2721 1500 2755 praesentium
1521 2726 1658 2756 perpetuo
1676 2722 1829 2747 eximentes
1847 2721 1882 2747 de
1899 2720 2054 2755 praedicto-

1126 2764 1185 2781 rum
1199 2755 1314 2781 consilio
1328 2760 1356 2781 et
1370 2755 1542 2789 plenitudine
1556 2756 1714 2790 potestatis.
1751 2756 1794 2781 De
1807 2755 1887 2781 bonis
1901 2760 2053 2786 autem,re—

1126 2789 1239 2821 ditibus,
1257 2790 1439 2823 proventibus
1457 2794 1485 2816 et
1507 2790 1610 2816 iuribus
1630 2790 1695 2815 dicti
1713 2789 1855 2823 quondam
1876 2789 2053 2823 episcopatus

1126 2824 1278 2849 Tholosani
1292 2823 1344 2858 ipsi
1353 2824 1506 2849 Tholosani
1520 2825 1617 2850 decem
1630 2823 1725 2857 millia,
1735 2828 1764 2850 et
1777 2823 1892 2857 singulis
1902 2823 1961 2848 aliis
1974 2830 2052 2855 prae-

1126 2857 1206 2883 dictis
1220 2858 1354 2890 ecclesiiS,
1368 2858 1560 2892 (Apamiarum
1577 2863 1702 2892 excepta,
1717 2858 1759 2884 cui
1777 2858 1812 2884 de
1830 2857 1896 2892 ipsis
1908 2855 1998 2886 bonis,
2011 2863 2053 2881 re-

1127 2891 1230 2917 ditibus
1254 2896 1282 2917 et
1311 2892 1503 2926 proventibus,
1529 2892 1644 2924 iuribus,
1670 2893 1741 2918 ultra
1769 2892 1824 2924 illa,
1849 2898 1921 2925 quae
1948 2890 2053 2928 habere

1127 2926 1307 2959 dignoscitur,
1329 2931 1433 2952 certam
1455 2927 1658 2959 assignabimus
1684 2926 1849 2960 portionem,
1870 2927 1970 2950 nostrls
1992 2924 2052 2950 aliis

1127 2960 1211 2986 literis
1222 2959 1469 2993 distinguendam>
1480 2961 1589 2994 singula
1599 2961 1722 2994 quinque
1731 2959 1816 2986 millia
1825 2958 1955 2984 librarum
1964 2958 2051 2996 Turo-

1126 2995 1252 3021 nensium
1265 2994 1348 3020 annui
1366 2995 1471 3022 reditus
1489 3000 1517 3021 et
1534 2995 1661 3029 perpetui
1680 2997 1839 3029 proventus,
1853 2999 1924 3026 quae
1937 2991 2052 3025 quidem
