2243 3288
119 200 187 226 1225

519 277 660 298 CAP.111.1

118 321 250 340 Dominium
268 325 350 343 rerum,
370 325 427 344 quae
446 321 609 344 perveniebant
627 321 655 340 ad
675 321 754 340 fratres
771 320 876 342 Minores.
896 320 1008 338 retentum
1031 320 1058 337 ab

119 347 214 365 ecelesia
229 347 336 369 Romana,
356 346 455 369 simplici
470 352 510 365 usu
525 347 577 365 sacti
593 347 698 366 fratribus
716 347 770 370 ipsis
789 348 902 364 reservato
918 346 941 363 iu
956 351 974 363 c.
990 345 1058 366 Exiit,

117 373 156 396 qui
171 372 267 391 seminat
282 371 331 391 eod.
342 372 376 390 tit.
387 372 438 390 libr.
450 372 486 391 Vl.
498 377 598 391 summus
613 373 717 391 Pontifex
733 372 821 394 refutat,
836 371 956 394 multiplici
972 371 1059 389 ratione

119 398 223 421 probans,
234 403 272 416 eos
282 403 327 416 nou
338 403 402 421 posse
413 398 496 417 habere
507 398 529 416 in
540 403 563 417 re
574 398 648 422 aliqua
659 398 783 422 simplicem
794 402 857 416 usum
868 397 928 419 facti,
945 398 966 414 et
976 397 1060 419 statuit,

117 423 177 447 quod
187 423 215 442 de
225 425 299 442 cetero
305 423 391 442 nullum
406 423 440 442 ius
451 424 582 448 nullumque
592 424 716 446 dominium
727 423 808 447 habeat
818 422 914 445 eeclesia
924 422 1026 441 Romana
1038 423 1059 440 iu

119 449 156 467 hui
173 449 246 468 smodi
257 449 332 471 rebus,
348 454 404 472 quae
420 450 442 467 iu
457 447 570 472 pfisterum
586 450 730 469 conferentur
743 448 779 467 vel
794 446 916 467 offerentur
927 448 980 471 ipsis
989 448 1060 466 fratri-

119 475 166 493 bus.
216 479 255 493 aec
270 476 417 498 extravagans
434 477 465 493 est
481 474 574 494 mulffii‘n
589 475 690 498 iuridica,
702 477 724 494 et
737 473 825 493 subtilis
835 474 859 492 in
875 473 986 497 plerisque
996 473 1058 495 locis,

118 500 249 524 praesertim
264 500 302 519 ubi
317 501 403 524 probat,
420 506 482 519 usum
497 501 622 524 simplicem
637 506 682 519 non
701 505 765 524 posse
780 499 885 518 constitui
901 499 924 517 iu
939 499 1004 518 rebus
1020 505 1060 517 usu

483 526 701 550 consumptibilibus.

182 584 228 609 Ad
238 584 412 610 conditorem
422 593 561 610 canonum
570 593 626 610 non
637 588 680 610 est
690 584 807 609 dubium
818 583 1060 617 pertinere,quum

119 622 233 650 statuta,
246 627 263 644 a
276 627 306 644 se
324 619 368 644 vel
382 619 649 653 praedecessoribus
663 619 719 644 suis
735 618 811 644 edita
825 618 929 643 obesse
942 618 1060 651 percipit

120 652 213 686 potius
230 661 314 686 quam
328 653 473 686 prodesse,
488 662 523 679 ne
534 653 649 679 ulterius
661 653 764 678 obesse
778 652 889 677 valeant
902 651 1060 685 providere.

119 687 235 712 Dudum
253 687 394 720 siquidem
411 687 499 713 felicis
518 686 719 713 recordationis
738 686 869 712 Nicolaus
884 686 963 711 IVJJ*
981 694 1059 719 prae-

120 721 254 747 decessor
278 726 384 753 noster,
406 726 513 747 attente
538 721 714 755 prospiciens
739 721 767 746 in
791 720 855 746 almi
881 720 1059 751 confessoris,

119 755 196 781 beati
210 755 341 781 videlicet
350 756 500 788 Francisci,
510 755 607 788 regula
620 755 765 786 contineri,
776 755 853 788 quod
866 754 933 780 nihil
947 754 997 780 sibi
1012 763 1059 788 ap-

120 789 275 823 proprient,
289 798 382 824 neque
396 790 520 821 domum,
533 797 627 823 neque
641 790 742 821 locum,
756 797 848 822 neque
866 797 924 815 rem
937 789 1060 822 aliquam

119 824 203 849 aliam
214 824 255 849 sui
266 824 371 850 ordinis
382 824 567 858 professores,
577 832 610 849 ac
620 823 801 849 considerans
813 823 971 856 diligenter,
983 823 1059 856 quod

120 866 172 891 per
186 858 249 892 piae
263 858 464 884 recordationis
479 858 609 891 Gregorii
622 859 715 892 Papae
728 858 773 883 IX.
788 863 815 883 et
828 858 975 882 nonnullos
989 857 1059 882 alios

119 892 356 926 praedecessores
374 892 501 918 eiusdem
518 892 608 918 fuerat
622 892 804 923 declaratum,
818 892 870 917 hoc
884 891 989 917 debere
1003 899 1059 917 ser-

120 927 179 952 vari
201 931 258 952 tam
280 926 307 952 in
329 926 443 960 speciali
467 935 551 960 quam
572 926 600 952 in
622 927 770 958 communi,
792 934 844 952 nec
866 934 921 951 non
943 931 971 951 et
995 933 1059 951 con-

119 961 277 987 sideranter
298 961 462 993 attendens,
485 961 633 986 nonnullos
657 960 788 986 fratribus
810 960 878 994 ipsis
902 960 1060 991 detrahere,

121 995 310 1029 impingentes
328 995 445 1027 eisdem,
463 995 539 1028 quod
556 995 683 1028 regulam
700 1000 728 1021 et
746 994 949 1020 declarationes
967 994 1060 1019 huius-

119 1029 196 1054 modi
222 1037 278 1054 non
305 1029 522 1061 observabanffl,
547 1030 650 1063 pieque
676 1029 865 1060 considerans,
891 1037 940 1054 ora
964 1032 1061 1053 contra

119 1062 292 1097 praemissos
315 1063 415 1089 fratres
434 1063 633 1089 oblatrantium
651 1064 792 1095 claudere,
814 1071 846 1088 ac
868 1062 1061 1096 professorum

119 1098 246 1131 ipsorum
259 1097 437 1123 conscientiis
451 1098 609 1131 providere,
621 1099 692 1124 inter
705 1098 759 1123 alia
769 1097 907 1123 ordinavit
920 1102 948 1122 et
961 1096 1060 1128 sanxit,

119 1131 245 1157 omnium
266 1132 428 1157 utensilium
445 1137 473 1158 et
494 1132 637 1164 librorum,
655 1140 806 1165 rerumque
827 1131 981 1163 mobilium,
999 1131 1060 1156 et-l·

121 1166 312 1200 praesentium
323 1171 350 1192 et
363 1166 449 1192 etiam
462 1166 626 1198 futurarum,
638 1166 818 1192 ecclesiarum
831 1174 944 1199 quoque
958 1170 986 1191 et
1000 1173 1060 1190 ora-

120 1201 256 1226 toriorum
273 1208 306 1226 ac
323 1201 565 1233 coemeteriorum,
579 1206 636 1226 tam
653 1201 843 1234 praesentium
857 1208 941 1233 quarn
959 1199 1061 1225 etiami·

119 1234 286 1266 futurorum,
299 1243 352 1260 nec
365 1243 421 1260 non
434 1239 462 1260 et
479 1235 596 1260 aliarum
614 1239 780 1268 emptarum,
794 1234 855 1260 etG‘
873 1234 1059 1267 eleemosynis

120 1268 238 1294 divinis⁷
259 1269 450 1294 oblatarum&
470 1277 520 1295 seu
542 1277 739 1295 concessarum
759 1269 840 1294 dictis
864 1268 1004 1299 fratribus,
1023 1267 1060 1300 (in

121 1303 223 1337 quibus
237 1307 332 1329 tamen
350 1303 500 1329 offerentes
519 1312 568 1329 seu
586 1303 774 1329 concedentes
792 1303 853 1337 ipsa
870 1302 938 1328 nihil
952 1302 979 1327 in
992 1301 1060 1335 ipsis

120 1337 174 1363 sibi
185 1338 319 1363 ducerent
330 1337 550 1370 reservandum)
563 1338 763 1371 proprietatem
774 1342 802 1363 et
811 1337 965 1362 dominium
977 1337 1060 1370 plene

120 1380 153 1397 ac
168 1371 255 1398 libere
269 1371 305 1397 ad
319 1380 350 1398 se
367 1377 395 1397 et
408 1372 564 1397 Romanam
583 1371 731 1398 ecclesiam
748 1372 897 1406 pertinere,
910 1371 971 1404 ipsa
989 1371 1016 1395 in
1029 1378 1060 1396 se

121 1406 259 1439 recipiens
273 1414 305 1431 ac
319 1411 383 1431 ante
398 1406 501 1431 dictam
519 1406 692 1438 ecclesiam9,
706 1406 825 1440 simplici
844 1413 895 1431 usu
912 1405 978 1430 facti
992 1404 1060 1430 dun-

121 1445 198 1466 taxat
215 1440 242 1465 in
260 1440 343 1465 rebus
362 1445 390 1466 et
406 1440 488 1466 bonis
506 1440 664 1466 huiusmodi
682 1444 824 1466 reservato
843 1439 974 1465 fratribus
995 1443 1060 1464 ante

120 1474 212 1500 dictis.
248 1475 283 1499 Et
305 1475 371 1508 quia
392 1483 594 1508 nonnunquam
615 1475 702 1500 libros
724 1479 751 1500 et
772 1474 827 1500 alia
843 1474 958 1499 mobilia
975 1481 1060 1507 supra

120 1509 196 1534 dicta
209 1508 292 1534 vendi
306 1508 421 1542 expedit
434 1517 484 1534 seu
498 1509 584 1534 etiam
601 1509 778 1534 commutari:
801 1508 933 1534 fratribus
951 1507 1019 1541 ipsis
1033 1508 1060 1532 in

119 1543 222 1569 eadem
244 1542 420 1568 ordinatione
438 1544 586 1574 concessit,
604 1548 633 1568 ut
650 1551 695 1569 res
713 1543 789 1576 ipsas
808 1551 871 1568 cum
887 1542 971 1568 rebus
989 1541 1059 1573 aliis,

121 1585 241 1611 quarum
258 1585 338 1602 usum
356 1577 462 1603 habere
479 1578 545 1603 licet
561 1578 629 1611 ipsis
643 1577 784 1609 fratribus,
798 1576 962 1611 (dummodo
976 1584 1059 1609 gene-

121 1611 186 1637 ralis
205 1616 233 1637 et
255 1611 465 1645 provincialium
484 1611 673 1637 ministrorum
696 1612 865 1637 coniunctim
882 1611 928 1637 vel
950 1610 1060 1636 divisim

121 1646 273 1671 auctoritas
287 1645 494 1678 intercederet,)
513 1651 629 1679 possent
644 1646 731 1672 libere
745 1650 926 1671 commutare.
962 1644 1019 1670 Sed
1032 1649 1060 1670 et

123 1680 187 1714 quia
200 1680 332 1705 fratribus
347 1680 414 1714 ipsis
428 1680 575 1713 pecuniam
589 1689 639 1714 per
649 1689 680 1706 se
690 1681 735 1706 vel
749 1680 828 1714 per10
841 1680 925 1705 alium
935 1679 1060 1712 recipere

121 1715 247 1749 ipsorum
273 1714 370 1747 regula
397 1714 547 1740 districtius
569 1714 721 1740 interdicit:
746 1714 834 1740 voluit
859 1718 887 1740 et
911 1713 1061 1745 concessit,

121 1749 208 1783 quod,
226 1749 249 1774 si
271 1748 354 1774 vendi
376 1749 552 1781 contingeret
573 1757 617 1775 res
635 1749 754 1774 mobiles
775 1753 842 1774 ante
860 1748 948 1774 dictas
970 1747 1059 1781 pretio

121 1783 270 1809 aestimato
278 1783 309 1814 1¹,
335 1783 411 1816 quod
439 1783 599 1808 huiusmodi
624 1784 745 1816 pretium
773 1791 823 1817 per
850 1786 1060 1816 procuratorem

122 1818 269 1844 deberetl'-y
286 1817 380 1850 recipi,
398 1825 414 1843 a
431 1817 557 1850 praefata
579 1818 657 1849 sede,
674 1818 719 1843 vel
737 1817 869 1843 cardinali
878 1817 900 1835 13
921 1817 1059 1850 guberna-

121 1857 182 1878 tore
200 1851 328 1877 eiusdem
350 1851 454 1877 ordinis
473 1851 675 1885 deputandum,
692 1860 744 1885 per
766 1855 974 1885 procuratorem
993 1859 1059 1876 eun-

121 1886 215 1912 dem14
229 1886 256 1911 in
269 1894 328 1911 rem
338 1885 441 1911 licitam
450 1886 496 1917 ¹52
507 1886 585 1911 cuius
598 1894 665 1911 usus
679 1891 755 1912 esset
768 1886 921 1920 permissus
933 1885 1059 1911 eiusdem

121 1920 227 1947 ordinis
245 1920 386 1952 fratribus,
400 1920 626 1954 expendendum,
639 1921 692 1946 hoc
709 1920 830 1948 adiecto.
848 1919 925 1953 quod
943 1924 1059 1953 possent

121 1955 157 1981 de
171 1955 272 1980 vilibus
285 1954 369 1980 rebus
383 1954 533 1980 mobilibus
547 1955 591 1980 vel
605 1963 704 1988 parum
716 1955 874 1980 valentibus
889 1954 987 1979 fratres
1006 1954 1058 1987 ipsi

121 1989 234 2024 pietatis
248 1997 297 2014 seu
312 1988 365 2014 dev
398 1988 468 2014 ionis
483 1989 592 2020 intuitu,
606 1989 650 2014 vel
667 1997 717 2022 pro
730 1989 785 2014 alia
801 1989 921 2014 honesta
934 1996 1018 2013 causa
1032 1992 1060 2013 et

122 2023 289 2054 rationabili,
312 2023 358 2055 (ob
392 2028 438 2048 nta
460 2028 554 2048 tamen
576 2031 659 2056 super
681 2023 734 2048 hoc
752 2023 928 2056 superiorum
945 2030 1059 2047 suorum

121 2058 252 2089 licentia,)
276 2058 347 2082 intra
364 2057 408 2082 vel
430 2062 507 2083 extra
525 2057 630 2082 dictum
647 2057 774 2083 ordinem
791 2057 929 2082 ordinare.
966 2056 1059 2089 Quan—

122 2101 206 2126 quam
219 2096 313 2117 autem
331 2091 377 2125 pia
394 2091 619 2117 consideratione
632 2096 725 2117 motus
743 2091 946 2125 praedecessor
964 2095 1060 2115 noster

121 2126 258 2153 ordinavit
271 2134 357 2159 supra
370 2125 453 2157 dicta,
467 2125 513 2150 illa
526 2125 601 2151 dicto
619 2125 709 2151 ordini
723 2125 885 2151 existimans
902 2124 1059 2158 profutura:

121 2161 182 2195 ipsa
196 2166 289 2186 tamen
306 2164 414 2185 attento
432 2159 517 2185 modo
536 2160 632 2185 utendi
650 2160 766 2185 fratrum
783 2159 907 2193 ipsorum
921 2167 954 2184 ac
968 2158 1060 2184 dictae

120 2195 257 2221 ecclesiae
271 2194 421 2219 subsecuta
433 2194 568 2227 patientia
581 2194 653 2219 circa
666 2194 759 2228 ipsum
772 2202 827 2219 non
846 2193 994 2227 profuisse,
1009 2193 1060 2218 sed

121 2230 215 2264 potius
237 2234 294 2254 tam
316 2228 384 2262 ipsis
402 2228 532 2254 fratribus
551 2236 635 2262 quam
653 2229 746 2254 multis
765 2229 824 2254 aliis
842 2227 977 2259 obfuisse,
996 2227 1059 2252 sub-

122 2272 244 2297 sequens
270 2263 404 2296 magistra
428 2271 520 2288 rerum
546 2263 717 2296 experientia
743 2262 867 2288 noscitur
892 2262 1060 2287 declarasse.

122 2299 192 2332 Ipsis
217 2297 332 2331 quidem
356 2296 497 2328 fratribus,
522 2301 657 2330 quantum
681 2297 717 2323 ad
742 2301 845 2322 statum
870 2296 1060 2330 perfectionis,

122 2340 302 2366 nequaquam
320 2331 423 2364 profuit
441 2331 594 2356 reservatio
611 2331 726 2356 dominii
746 2339 831 2365 supra
848 2330 931 2356 dicta.
969 2330 1060 2363 Quum

121 2367 196 2393 enim
209 2365 346 2399 perfectio
356 2366 430 2391 vitae
442 2365 616 2391 Christianae
631 2365 819 2399 principaliter
831 2370 859 2391 et
873 2365 1061 2390 essentialiter

122 2402 150 2427 in
163 2402 279 2426 caritate
292 2400 437 2431 consistat,
448 2408 520 2432 quae
531 2400 566 2425 ab
577 2399 715 2433 Apostolo
729 2399 910 2433 perfectionis
921 2399 1060 2424 vinculum

122 2436 231 2466 (licitur,
245 2439 273 2460 et
290 2442 362 2467 quae
381 2434 439 2459 unit
457 2442 506 2459 seu
525 2434 613 2466 iungit
633 2434 791 2467 aliqualiter
808 2434 835 2459 in
852 2434 896 2458 via
918 2433 1060 2459 hominem

121 2478 172 2495 suo
187 2469 243 2501 fini,
257 2468 292 2494 ad
307 2476 390 2502 quam
404 2476 454 2501 per
467 2473 659 2502 contemptum
672 2468 811 2493 bonorum
824 2467 1019 2501 temporalium
1033 2471 1060 2492 et

122 2505 247 2538 ipsorum
260 2502 515 2536 expropriationem
527 2502 572 2527 via
587 2502 752 2536 disponitur,
767 2511 817 2536 per
834 2503 886 2527 hoc
901 2501 1060 2535 praecipue,

123 2538 199 2572 quod
213 2537 382 2568 sollicitudo,
394 2545 478 2570 quam
492 2537 703 2570 temporaliaffi·
717 2537 743 2562 in
757 2536 938 2570 acquirendo,
949 2544 1060 2561 conser-

122 2572 215 2598 vando
241 2577 269 2598 et
294 2571 483 2604 dispensando
507 2571 630 2604 exigunt,
653 2579 725 2604 quae
750 2571 915 2608 plerumque
936 2570 971 2595 ab
997 2575 1060 2595 actu

122 2606 245 2632 caritatis
264 2605 388 2637 retrahit,
406 2605 624 2643 amputetur1⁷·:
646 2610 741 2637 restat,
757 2605 842 2638 quod,
859 2612 882 2630 si
900 2604 1059 2630 sollicitudo

122 2641 224 2667 eadem
245 2645 310 2674 post
331 2639 587 2673 expropriationem
609 2639 779 2671 huiusmodi,
800 2647 871 2672 quae
888 2643 952 2664 ante
970 2638 1061 2672 ipsam

122 2675 221 2707 inerat,
239 2679 411 2708 perseveret,
429 2673 465 2699 ad
483 2673 686 2707 perfectionem
704 2673 863 2699 huiusmodi
882 2673 943 2698 talis
962 2681 1059 2706 expro-

122 2710 223 2744 priatio
242 2709 335 2734 valeat
356 2708 423 2733 nihil
442 2707 607 2734 conferrem.
645 2708 761 2733 Constat
778 2712 881 2738 autem,
901 2706 976 2740 quod
997 2712 1060 2740 post

122 2743 328 2769 ordinationem
350 2742 523 2776 praedictam
545 2750 601 2767 non
623 2741 755 2767 fuerintss·
780 2742 807 2767 in
828 2741 1005 2775 acquirendis
1028 2750 1059 2767 ac

122 2777 322 2804 conservandis
335 2776 418 2802 bonis
432 2776 581 2810 praedictis
596 2776 623 2801 in
634 2776 736 2802 iudicio
750 2780 778 2802 et
791 2780 868 2802 extra
882 2775 972 2801 minus
986 2775 1059 2801 solli-

174 2899 227 2917 Tit.
243 2898 302 2917 xlv.
331 2899 391 2921 Cap.
408 2898 446 2916 ΙΠ.
489 2896 507 2920 1)
518 2895 615 2915 „mmlx
691 2896 710 2917 2)
721 2897 772 2915 HL:
788 2895 871 2917 ABEN.-
882 2906 905 2909 —
920 2896 948 2920 cs.
958 2901 975 2915 c.
986 2897 1034 2916 3.1ι,
1046 2897 1060 2915 Ι.

122 2924 144 2942 in
154 2925 209 2943 Vlto
271 2925 291 2945 3)
303 2924 433 2942 servabant:
449 2923 485 2942 [ΖΕ
544 2924 565 2941 -1)
576 2925 608 2941 et:
623 2921 691 2941 deest:
706 2921 784 2941 ltlcrrm'
835 2923 856 2944 5)
867 2925 907 2941 eh:
923 2922 991 2941 dash:
1006 2922 1064 2941 REM

122 2950 143 2971 6)
154 2949 193 2969 de:
208 2949 286 2969 BEJIN
362 2950 382 2968 ἵ)
394 2949 481 2968 clericis
497 2949 604 2967 ‹lix-ersis:
620 2948 648 2969 15.-
671 2948 852 2972 elemosynarum
868 2948 1018 2967 1llversaruni:
1034 2948 1062 2967 A:

121 2975 211 2994 divisis:
226 2975 248 2994 X
297 2975 318 2995 8)
329 2978 349 2994 et
361 2975 416 2994 ouh:
433 2974 510 2993 BHMX
560 2974 581 2993 11)
593 2979 636 2993 ree.
647 2974 739 2993 ecclesa
756 2973 791 2993 m:
839 2974 870 2996 11))
881 2979 930 2997 per:
945 2973 1012 2992 ‹hesu-
1028 2973 1065 2993 ΙΙΧ

122 3001 155 3022 11)
166 3002 286 3020 extimate:
302 3000 342 3020 ‚lu
420 3001 451 3019 1-2)
463 3000 540 3019 debet:
556 2999 602 3019 AB:
625 2999 717 3019 debeat:
733 2999 754 3018 Ν
831 3000 864 3018 13)
875 3005 887 3018 a
898 2999 970 3018 carth:
986 2999 1065 3018 amm·

123 3027 155 3051 14)
166 3027 279 3046 eiusdem:
296 3026 331 3046 ,115
419 3027 449 3046 15]
460 3025 522 3045 adm:
538 3026 616 3044 aliam:
633 3024 692 3044 t'mld.
704 3025 749 3044 coll.
839 3026 870 3048 lu')
887 3025 948 3044 fuldu·
963 3025 1021 3049 ipsa:
1036 3025 1062 3044 ι’ὺ.

394 200 612 226 EXTRAVAG.
631 201 756 226 IOANN.
774 200 862 226 XXII.
880 200 951 225 TIT.
970 199 1044 225 XIV.
1065 200 1115 225 DE
1134 200 1344 226 VERBORUM
1365 200 1671 226 SIGNIFICATIONE.
1692 208 1715 226 c.
1735 208 1759 233 3.

1973 201 2040 227 1226

1096 276 1150 307 citi,
1173 285 1256 310 quam
1278 282 1342 303 ante
1364 277 1439 302 illam
1462 276 1571 303 fuerant
1593 276 1692 303 fratres
1715 276 1778 310 ipsi,
1797 285 1958 311 quanquam
1980 277 2034 303 sint

1096 311 1219 344 religiosi
1232 311 1425 337 mendicantes
1438 311 1493 342 alii,
1505 311 1641 337 habentes
1655 311 1749 344 aliqua
1762 311 1788 336 in
1802 311 1952 338 communi.
1976 311 2034 337 Ad-

1096 345 1149 370 huc
1163 354 1214 371 nec
1227 346 1323 379 utique
1337 345 1441 379 profuit
1456 345 1536 371 dictis
1554 345 1685 371 fratribus
1704 345 1840 371 ordinatio
1854 354 1938 379 supra
1951 345 2034 377 dicta,

1096 384 1230 412 quantum
1243 380 1279 405 ad
1298 380 1360 411 hoc,
1373 379 1450 413 quod
1463 384 1579 413 propter
1598 379 1750 406 carentiam
1763 380 1825 405 talis
1839 380 1990 414 propris-’⁰‘
2003 388 2034 406 se

1097 414 1279 447 pauperiores
1294 413 1387 439 dicere
1400 414 1521 446 valeant,
1535 422 1619 447 quam
1633 414 1655 439 si
1673 422 1718 440 res
1731 413 1807 447 ipsas
1820 422 1883 439 cum
1897 414 1952 446 illo,
1966 415 2032 448 (quo

1096 456 1191 473 carere
1205 456 1234 474 se
1253 448 1367 480 dicunt,)
1382 448 1506 473 dominio
1525 448 1693 474 obtinerent.
1729 448 1805 474 Licet
1819 448 1903 474 etiam
1917 448 2034 482 praede—

1096 490 1192 507 cessor
1205 487 1300 508 noster
1314 482 1473 515 praedictus
1488 482 1641 507 dominium
1655 490 1751 508 earum
1764 490 1865 514 rerum,
1879 491 1952 516 quae
1966 483 2034 516 ipsis

1096 515 1227 542 fratribus
1241 516 1333 542 offerri
1347 525 1396 542 seu
1411 516 1540 548 conferri,
1553 521 1600 541 aut
1613 516 1681 542 alias
1699 516 1832 542 obvenire
1845 517 2034 549 contigerit2¹‚

1097 558 1214 584 quarum
1233 555 1327 576 tamen
1345 559 1426 576 usum
1448 550 1513 575 facti
1533 550 1713 575 duntaxat&
1730 551 1835 576 habere
1857 550 1921 576 licet
1943 551 2034 576 ordini

1096 585 1140 610 vel
1153 584 1284 610 fratribus
1295 589 1360 610 ante
1371 584 1461 615 dictis,
1473 593 1523 609 usu
1535 584 1599 609 facti
1611 584 1728 618 simplici
1742 585 1893 618 praedictis
1903 585 2033 611 fratribus

1096 624 1254 650 reservato,
1281 619 1308 644 in
1338 627 1368 644 se
1393 619 1635 651 Romanamque&
1664 619 1812 644 ecclesiam
1841 619 2034 652 recipiendum

1096 653 1214 687 duxerit,
1233 661 1266 678 ac
1284 653 1371 678 libere
1388 652 1528 686 pertinere
1546 652 1710 684 decreverit,
1729 658 1757 678 ut
1779 653 1906 686 superius
1929 658 1971 679 est
1988 662 2033 680 ex-

1096 696 1236 720 pressum:
1262 692 1369 712 attento
1394 692 1487 712 tamen
1509 686 1633 719 ipsorum
1651 686 1767 712 fratrum
1785 687 1880 713 utendi
1898 687 1992 720 modo,
2006 692 2034 713 et

1095 721 1155 747 eius
1169 721 1280 753 effectu,
1293 729 1325 746 ac
1344 721 1478 754 patientia
1495 720 1568 746 circa
1584 721 1699 746 modum
1717 721 1809 754 ipsum
1827 722 1971 747 Romanae
1990 729 2034 748 ec-

1095 755 1197 781 clesiae
1222 756 1380 787 subsecuta,
1402 763 1458 780 non
1480 754 1540 788 ipse
1562 763 1628 780 usus
1651 755 1766 780 fratrum
1789 755 1843 780 dici
1865 755 1960 788 debet,
1983 755 2034 782 sed

1095 790 1187 823 potius
1211 790 1355 815 Romanae
1377 789 1512 815 ecclesiae
1536 788 1690 814 dominium
1711 797 1775 815 esse
1800 789 1927 823 simplex.
1965 790 2033 823 Quis

1095 823 1170 849 enirn
1188 823 1343 857 simplicem
1361 824 1502 849 usuarium
1521 823 1614 849 dicere
1631 823 1743 856 poterit,
1762 823 1804 848 cui
1822 832 1881 849 rem
1895 825 2034 850 usuariam

1095 858 1159 884 licet
1173 863 1340 892 permutare,
1353 857 1476 883 vendere
1490 865 1522 883 ac
1536 858 1639 883 donare
1646 858 1655 882 ’ἒ
1692 857 1789 882 Procul
1803 857 1888 883 dubio
1903 858 1972 884 haec
1986 866 2032 884 na-

1095 897 1173 918 turae
1195 900 1352 926 repugnare
1374 892 1565 923 noscunturffl,
1586 899 1639 917 nec
1660 891 1697 916 ad
1718 891 1860 917 usuarium
1885 893 2033 925 pertinere,

1095 934 1168 960 quae
1191 931 1286 952 tamen
1308 926 1343 952 de
1361 926 1445 952 rebus
1463 925 1615 951 mobilibus
1633 930 1699 951 ante
1717 925 1797 951 dictis
1812 925 1915 951 faciunt
1933 926 2033 952 fratres

1095 961 1157 994 ipsi.
1183 960 1267 994 Quod
1280 965 1374 986 autem
1388 960 1541 985 dominium
1552 960 1696 985 Romanae
1709 959 1846 985 ecclesiae
1860 966 2033 986 reservatum

1095 995 1214 1028 simplex
1232 995 1339 1021 censeri
1358 995 1470 1026 debeat,
1489 1002 1522 1020 ex
1540 994 1594 1019 hoc
1611 998 1698 1027 patet,
1717 993 1793 1027 quod
1810 1002 1844 1020 ex
1861 994 1907 1019 illo
1926 995 2033 1020 nullum

1095 1029 1189 1055 eidem
1214 1029 1349 1055 ecclesiae
1374 1028 1530 1062 temporale
1552 1028 1667 1053 obvenit
1689 1028 1822 1053 hactenus
1845 1029 2034 1061 commodum,

1095 1071 1147 1089 nec
1165 1068 1302 1097 speratur,
1320 1063 1398 1096 quod
1416 1063 1548 1088 obvenire
1566 1062 1669 1087 debeat
1686 1061 1713 1087 in
1730 1061 1862 1094 futurum,
1880 1071 1965 1096 quum
1983 1071 2034 1089 nec

1096 1098 1211 1123 intentio
1234 1097 1412 1129 reservantis,
1433 1105 1485 1122 nec
1507 1096 1622 1122 fratrum
1643 1096 1768 1130 ipsorum
1790 1096 1881 1128 fuerit,
1900 1097 1976 1130 quod
1997 1097 2034 1122 ad

1096 1139 1292 1165 quemcunque
1309 1132 1402 1163 alium,
1421 1139 1504 1164 quam
1523 1131 1559 1156 ad
1577 1130 1686 1161 fratres,
1704 1130 1841 1156 dictarum
1858 1139 1950 1156 rerum
1972 1139 2033 1165 per-

1096 1166 1203 1192 veniret
1217 1165 1424 1199 compendium,
1439 1165 1516 1198 quod
1532 1165 1629 1198 procul
1647 1164 1733 1190 dubio
1751 1165 1852 1190 modus
1871 1165 1966 1190 utendi
1981 1165 2034 1191 fra-

1095 1205 1168 1225 trum
1190 1201 1323 1234 ipsorum,
1345 1204 1374 1225 et
1396 1200 1540 1225 Romanae
1566 1199 1702 1225 ecclesiae
1723 1199 1874 1224 subsecuta
1899 1200 2035 1233 patientia

1096 1234 1287 1260 evidenter25*
1305 1234 1465 1259 declaravit.
1502 1234 1537 1258 Et
1555 1233 1632 1267 quod
1654 1233 1715 1258 talis
1735 1233 1851 1258 intentio
1865 1233 1947 1259 fuerit
1961 1233 2034 1259 ordi-

1095 1268 1196 1300 nantis,
1207 1273 1235 1294 et
1241 1268 1265 1286 ²⁶
1275 1276 1309 1294 ex
1319 1269 1372 1293 hoc
1385 1272 1473 1302 patet,
1484 1267 1561 1301 quod
1571 1268 1680 1293 illarum
1691 1276 1784 1293 rerum
1794 1267 1846 1293 sibi
1858 1272 1885 1293 et
1899 1268 2035 1294 ecclesiae

1095 1303 1238 1328 Romanae
1256 1302 1411 1328 dominium
1428 1302 1563 1327 duntaxat
1586 1302 1707 1333 retinuit,
1726 1310 1844 1335 quarum
1866 1304 1947 1327 usum
1969 1302 2034 1328 facti

1095 1337 1191 1363 liceret
1205 1337 1308 1362 habere
1326 1336 1416 1362 ordini
1429 1337 1474 1362 vel
1492 1336 1623 1362 fratribus
1641 1340 1706 1361 ante
1724 1336 1814 1362 dictis.
1850 1336 1927 1361 Talis
1940 1341 2035 1362 autem

1096 1371 1211 1404 dominii
1233 1371 1356 1396 carentia
1377 1379 1407 1397 re
1428 1371 1456 1396 in
1478 1371 1628 1404 praesenti,
1647 1378 1679 1396 ac
1696 1379 1746 1404 spe
1764 1370 1792 1395 in
1814 1370 1936 1396 futurum
1958 1371 2034 1396 omni

1095 1405 1181 1431 modo
1192 1404 1336 1437 denudati,
1348 1405 1441 1439 quoad
1453 1409 1649 1438 paupertatem
1660 1404 1943 1438 temporalem,quam
1954 1405 2033 1430 altio-

1094 1448 1154 1465 rem
1177 1448 1244 1473 prae
1266 1439 1489 1465 mendicantibus
1507 1439 1567 1464 aliis
1585 1439 1612 1464 in
1629 1439 1768 1464 communi
1790 1439 1958 1464 habentibus
1980 1439 2034 1464 sibi

1094 1474 1236 1500 vindicant
1254 1474 1320 1499 dicti
1339 1474 1448 1505 fratres,
1467 1473 1663 1507 pauperiorem
1680 1481 1736 1498 non
1753 1472 1838 1498 efficit
1855 1481 1911 1498 non
1930 1473 2034 1499 haben-

1095 1514 1162 1534 tem.
1199 1508 1282 1542 Quod
1299 1513 1393 1533 autem
1411 1507 1506 1541 quoad
1523 1516 1577 1541 res,
1597 1515 1668 1541 quae
1687 1516 1738 1533 usu
1756 1512 1965 1539 consumuntur,
1978 1515 2035 1533 non

1095 1543 1149 1568 sint
1163 1542 1297 1568 censendi
1311 1542 1413 1568 usuarii
1427 1542 1526 1567 fratres
1541 1542 1603 1575 ipsi,
1615 1550 1648 1567 ex
1662 1541 1844 1575 sequentibus
1856 1541 1944 1575 liquet
1958 1542 2034 1567 satis.

1096 1577 1197 1603 Dicere
1212 1577 1361 1611 siquidem,
1376 1576 1452 1610 quod
1469 1576 1496 1602 in
1515 1576 1617 1602 talibus
1636 1576 1719 1602 rebus
1738 1584 1804 1610 usus
1822 1575 1888 1601 iuris
1902 1576 1946 1602 vel
1959 1576 2034 1608 facti,

1096 1610 1455 1647 separatusjapioffiietate
1469 1611 1509 1636 rei
1527 1619 1577 1636 seu
1590 1609 1722 1642 dominio,
1736 1611 1825 1643 possit
1838 1610 1977 1642 constitui,
1991 1618 2034 1636 re-

1096 1650 1202 1680 pugnat
1226 1646 1286 1677 iuri,
1311 1651 1340 1671 et
1365 1645 1459 1671 obviat
1484 1644 1593 1676 rationi,
1617 1652 1669 1670 nec
1693 1644 1921 1678 praedecessoris
1946 1644 2033 1670 nostri

1095 1680 1240 1713 praedicta
1256 1679 1342 1705 fuisse
1360 1680 1471 1705 videtur
1489 1679 1614 1711 intentio,
1628 1679 1772 1712 RoQQae
1787 1679 1925 1707 ecclesiae
1936 1678 2034 1704 talium

1095 1715 1233 1740 bonorum
1259 1714 1591 1746 dqminiumsnzserxaje-
1629 1713 1697 1745 Quis
1723 1712 1798 1738 enim
1822 1721 1906 1738 sanae
1930 1713 2033 1738 mentis

1096 1748 1211 1774 credere
1229 1747 1341 1782 poterit,
1356 1748 1432 1782 quod
1449 1747 1567 1773 intentio
1585 1747 1668 1773 fuerit
1685 1748 1754 1772 tanti
1772 1747 1867 1780 patris,
1883 1747 1963 1772 unius
1978 1747 2032 1779 ovi,

1095 1791 1145 1809 seu
1163 1784 1247 1814 casei,
1265 1787 1313 1808 aut
1331 1782 1410 1808 frusti
1428 1782 1518 1815 panis,
1531 1786 1559 1808 et
1571 1782 1688 1807 aliorum
1701 1789 1754 1806 usu
1767 1781 2033 1814 consumptibilium‚

1096 1825 1168 1851 quae
1182 1825 1268 1851 saepe
1280 1817 1412 1842 fratribus
1430 1816 1498 1850 ipsis
1516 1816 1553 1841 ad
1570 1815 1792 1841 consumendum
1809 1824 1824 1841 e
1836 1816 1955 1848 vestigio
1970 1823 2034 1840 con-

1094 1852 1230 1883 feruntur,
1249 1851 1402 1877 dominium
1424 1851 1569 1876 Romanae
1591 1850 1736 1881 ecclesiae,
1754 1854 1783 1875 et
1804 1858 1885 1875 usum
1903 1849 2033 1875 fratribus

1094 1886 1230 1912 retinere?
1254 1885 1382 1911 Profecto
1397 1885 1543 1919 probabile
1557 1893 1613 1910 non
1625 1884 1747 1910 videtur:
1768 1884 2034 1918 praesertim·quum

1094 1920 1205 1945 illorum
1218 1920 1357 1945 bonorum
1370 1919 1504 1945 duntaxat
1518 1918 1672 1944 dominium
1685 1918 1829 1952 praefatae
1843 1918 1978 1944 ecclesiae
1992 1926 2033 1943 re-

1095 1954 1256 1986 servaverit,
1274 1962 1394 1987 quorum
1413 1954 1532 1987 simplex
1549 1961 1616 1978 usus
1635 1952 1700 1978 facti
1718 1953 1860 1986 pertinere
1881 1957 1976 1986 potest
1997 1952 2034 1977 ad

1095 1988 1194 2014 fratres
1208 1988 1274 2013 dicti
1288 1988 1402 2013 ordinis.
1439 1987 1522 2020 Quod
1539 1995 1718 2020 nequaquam
1735 1991 1830 2020 potest
1843 1987 1870 2012 in
1883 1987 1967 2012 rebus
1981 1995 2032 2012 usu

1095 2022 1359 2056 consumptibilibus
1373 2022 1497 2055 reperiri,
1508 2022 1536 2047 in
1549 2021 1650 2054 quibus
1663 2029 1715 2046 nec
1729 2020 1771 2046 ius
1785 2020 1890 2052 utendi,
1901 2029 1953 2046 nec
1966 2029 2032 2046 usus

1077 2075 1079 2082 i
1095 2056 1169 2088 facti,
1186 2062 1316 2090 separata
1334 2065 1349 2082 a
1367 2064 1406 2081 rei
1424 2055 1596 2090 proprietate
1614 2063 1664 2080 seu
1683 2054 1816 2086 dominio,
1833 2059 1951 2088 possunt
1969 2063 2033 2080 con-

1095 2091 1171 2116 stitui
1184 2091 1229 2116 vel
1243 2091 1348 2116 haberi.
1386 2090 1420 2115 Et
1434 2089 1511 2123 quod
1524 2089 1559 2115 de
1574 2089 1674 2114 talibus
1688 2089 1772 2114 rebus
1786 2097 1841 2114 non
1855 2088 2032 2120 intellexerit,

1095 2125 1241 2151 evidenter
1259 2125 1391 2156 ostendit,
1410 2124 1476 2149 dum
1494 2123 1647 2157 respondet
1664 2123 1729 2156 legi,
1748 2123 1860 2154 dicenti,
1873 2131 1928 2147 non
1947 2131 2031 2156 posse

1095 2159 1299 2184 usumfructum
1320 2168 1336 2184 a
1358 2158 1480 2184 dominio
1503 2163 1640 2192 perpetuo
1666 2157 1799 2191 separari,
1821 2165 1856 2182 ne
1879 2156 2033 2182 dominium

1096 2193 1225 2225 dominis,
1240 2201 1351 2226 semper
1364 2192 1556 2218 abscendente
1569 2200 1630 2223 usu,
1643 2191 1739 2217 inutile
1753 2191 1926 2217 redderetur.
1954 2192 2033 2224 Quae

1097 2227 1211 2261 quidem
1229 2227 1273 2253 lex
1290 2227 1326 2253 de
1344 2227 1427 2253 rebus
1445 2227 1497 2252 illis
1516 2226 1687 2259 intelligitur,
1709 2234 1826 2259 quarum
1844 2233 1930 2259 penes
1949 2233 2034 2250 unum

1095 2270 1162 2287 usus
1181 2262 1229 2293 rei,
1243 2267 1271 2287 et
1288 2270 1375 2295 penes
1393 2262 1479 2287 alium
1496 2260 1651 2286 dominium
1668 2260 1768 2294 possit,
1786 2260 1851 2285 licet
1868 2259 1973 2291 inutile,
1991 2267 2033 2285 re-

1095 2304 1221 2326 manere;
1248 2296 1324 2329 quod
1345 2304 1525 2329 nequaquam
1546 2295 1573 2320 in
1594 2295 1679 2320 rebus
1701 2303 1753 2320 usu
1772 2293 2033 2327 consumptibilibus

1096 2334 1191 2364 potest
1204 2338 1276 2362 esse,
1291 2339 1376 2364 quum
1388 2331 1416 2355 in
1429 2330 1481 2355 illis
1500 2337 1550 2363 per
1565 2337 1646 2355 usum
1658 2329 1703 2354 vel
1720 2329 1839 2354 abusum
1852 2328 1954 2353 usuarii
1968 2328 2032 2353 sub-

1096 2365 1198 2390 stantia
1216 2364 1278 2390 talis
1297 2365 1336 2390 rei
1353 2372 1417 2390 esse
1435 2364 1554 2396 desinat,
1568 2368 1596 2389 et
1613 2371 1664 2397 per
1680 2371 1857 2396 consequens
1876 2362 2033 2396 proprietas

1096 2400 1181 2425 etiam
1195 2399 1297 2424 inutilis
1311 2407 1367 2424 non
1381 2399 1524 2424 subsistat.
1561 2398 1653 2431 Quum
1666 2397 1741 2423 enim
1754 2396 1937 2427 ususfructus,
1951 2401 2034 2429 prout

1096 2438 1139 2459 est
1160 2434 1187 2458 in
1209 2433 1285 2459 reffi‘
1304 2433 1481 2465 constitutus,
1500 2432 1546 2466 qui
1568 2432 1687 2458 servitus
1705 2431 1806 2457 dicitur
1824 2431 1988 2464 personalis,
2007 2435 2034 2456 et

1096 2476 1146 2501 pro
1161 2476 1216 2501 quo
1230 2468 1320 2493 reales
1334 2471 1497 2501 competunt
1515 2467 1649 2498 actiones,
1663 2466 1729 2491 nihil
1743 2465 1778 2491 sit
1795 2465 1881 2497 aliud,
1895 2473 1979 2498 quam
1992 2464 2034 2490 ius

1096 2502 1202 2533 utendi,
1215 2510 1267 2527 nec
1280 2510 1357 2533 usus,
1371 2502 1417 2535 qui
1431 2502 1516 2527 etiam
1533 2500 1687 2534 personalis
1701 2504 1744 2525 est
1759 2499 1887 2530 servitus,
1902 2499 1936 2524 sit
1949 2498 2034 2530 aliud,

1097 2544 1180 2569 quam
1199 2536 1240 2561 ius
1259 2540 1367 2561 tantum
1384 2535 1480 2561 utendi
1498 2536 1581 2560 rebus
1595 2535 1703 2565 alienis,
1717 2534 1793 2559 salva
1810 2533 1849 2559 rei
1867 2533 2033 2564 substantia,

1096 2570 1124 2596 id
1142 2575 1195 2602 est,
1213 2570 1254 2596 ius
1277 2570 1449 2604 percipiendi
1468 2569 1573 2595 fructus
1591 2574 1618 2594 et
1635 2568 1782 2594 utilitatem
1800 2567 1882 2593 aliam
1900 2568 1927 2592 in
1945 2572 2035 2592 totum

1095 2605 1140 2630 vel
1157 2613 1207 2638 pro
1226 2610 1305 2638 parte
1323 2613 1373 2630 suo
1391 2604 1514 2635 nomine,
1530 2604 1575 2637 qui
1594 2607 1710 2636 possunt
1728 2610 1761 2628 ex
1779 2610 1818 2633 re,
1836 2602 1863 2626 in
1882 2609 1936 2635 qua
1955 2609 2033 2626 usus-

1096 2639 1202 2664 fructus
1219 2647 1269 2664 seu
1287 2647 1352 2664 usus
1371 2638 1555 2670 constituitur,
1570 2637 1726 2671 provenire,
1744 2640 1859 2669 propter
1877 2635 1953 2669 quod
1971 2643 2033 2669 pro-

1117 2673 1199 2699 rietas
1225 2678 1369 2707 reputatur
1390 2673 1502 2703 inutilis,
1525 2681 1541 2697 a
1563 2680 1618 2705 qua
1640 2675 1776 2704 perpetuo
1802 2669 1930 2695 abscedit
1955 2678 2033 2695 usus-

1107 2712 1209 2739 ructus,
1235 2709 1314 2733 sed-'³
1339 2715 1404 2733 usus
1430 2706 1642 2732 constitutusffl·
1667 2705 1760 2735 rebus,
1783 2712 1816 2730 ex
1841 2703 1941 2737 quibus
1965 2703 2034 2737 ipsis

1095 2742 1234 2767 stantibus
1259 2741 1464 2767 usufructuario
1486 2749 1535 2766 seu
1559 2739 1670 2765 usuario
1692 2739 1766 2763 nulla
1788 2738 1906 2771 possit-‘¹0
1927 2738 2030 2764 utilitas

1094 2776 1263 2810 provenirer
1278 2781 1365 2810 patet,
1383 2775 1459 2809 quod
1481 2775 1516 2800 ad
1539 2775 1600 2806 hoc,
1620 2773 1696 2807 quod
1718 2771 1972 2798 talisusussructus
1989 2772 2033 2798 vel

1693 2893 1725 2912 19)
1739 2893 1839 2911 fuorunt:
1854 2891 1914 2911 .lB.l[
1954 2892 1987 2916 20)
1999 2892 2038 2912 do-

1701 2918 1735 2937 22¹)
1746 2918 1821 2937 tluut.:
1836 2918 1904 2937 ‹Ises-t:
1918 2918 1979 2937 Codri.
1990 2918 2035 2938 coll.

1703 2944 1771 2963 chesi:
1786 2944 1813 2965 .l.·
1832 2943 1894 2963 mld.:
1908 2945 2003 2963 usuarii:
2018 2943 2040 2963 N

1096 2895 1129 2916 17)
1140 2898 1278 2920 amputatur:
1295 2895 1373 2915 ABJIX
1416 2896 1447 2914 13)
1461 2894 1508 2915 rimis
1518 2894 1617 2913 cunonis:
1634 2893 1650 2912 Ε

1097 2923 1172 2941 minii:
1187 2922 1248 2941 Codri.
1259 2922 1304 2941 call.
1371 2923 1404 2944 21)
1415 2921 1566 2943 contingeret:
1582 2918 1642 2938 mlx

1097 2948 1130 2970 ⁴23)
1142 2950 1163 2967 et
1175 2949 1310 2967 Romanam:
1326 2947 1383 2966 tini!
1459 2947 1492 2966 24)
1503 2947 1635 2964 noscantur:
1651 2944 1680 2963 B:

1097 2975 1131 2993 25>
1141 2974 1279 2993 evidentius:
1297 2972 1367 2993 mm,-
1382 2972 1507 2991 evidentia:
1523 2971 1537 2989 il

1098 2999 1158 3018 Codd.
1170 2999 1216 3018 coll.

1099 3024 1160 3044 Codtl.
1176 3025 1222 3044 coll.

1611 2971 1644 2990 2⁵6)
1655 2970 1735 2989 etiam:
1750 2969 1809 2988 Atti!
1881 2970 1913 2992 Ξῖ)
1925 2971 1958 2989 lus
1968 2971 1991 2989 iu
2002 2975 2037 2989 ret

1270 2999 1303 3017 ι’κ)
1315 3004 1354 3017 nec
1365 3000 1437 3021 potest
1448 2997 1585 3016 ususfructus
1595 3001 1646 3015 seu:
1660 2995 1721 3015 JIMX
1767 2996 1799 3014 29)
1811 2996 1916 3015 constitui
1927 2996 1950 3014 in
1960 2996 2039 3015 rebus:

1276 3025 1309 3047 3¹¹)
1321 3026 1404 3048 posset:
1420 3022 1478 3042 ΑΒΜ
