2243 3288
194 271 242 297 951

195 352 266 373 tates
289 346 423 372 canonice
446 352 541 372 tenere
564 354 594 371 se
612 350 749 377 asserunt,
769 345 839 370 infra
857 350 977 379 tempus,
995 354 1046 384 pro
1064 345 1129 372 facti

196 381 329 415 qualitate
346 381 470 414 ipsorum
492 380 695 405 ordinariorum
717 379 921 405 moderandum
943 380 1066 412 arbitrio,
1084 388 1129 406 ex-

196 416 302 441 hibere.
338 415 421 448 Quod
439 415 460 440 si
479 414 550 440 sorte
568 415 640 439 iusto
660 414 862 447 impedimento
881 419 1009 440 cessante
1026 415 1130 440 nullam

197 450 239 475 dis
263 449 436 475 ensationcm
462 448 532 474 infra
557 448 632 474 idem
663 453 773 482 tempus
802 448 950 481 contigerit
974 448 1129 474 exhiberih:

197 483 334 509 eccesiae
355 483 500 514 beneficia,
523 487 688 516 personatus
714 491 763 508 seu
789 482 948 515 dignitates,
974 491 1046 516 quac
1071 483 1130 508 sine

198 517 407 551 dispensatione
425 517 518 550 aliqua
535 525 569 543 eo
587 517 648 550 ipso
671 517 764 542 illicite
783 516 901 542 detineri
919 517 1067 549 constabit,
1081 525 1131 550 per

196 560 255 581 eos,
266 551 302 576 ad
313 560 384 584 quos
395 558 509 577 corun-1⁴·
521 551 632 576 collatio
644 551 773 585 pertinet,
783 551 870 576 libere
884 551 1010 584 personis
1021 551 1130 577 idoneis

196 585 381 612 conferantur.
419 586 550 612 Ceterum
564 586 585 611 si
600 585 774 619 dispensatio
785 585 907 611 exhibita
921 585 1062 611 sufficiens
1075 585 1130 611 evi-

196 620 295 646 denter
312 626 456 653 appareat,
474 620 608 645 exhibens
627 628 806 653 nequaquam
829 620 855 644 in
876 619 1020 645 beneficiis
1038 620 1130 645 huius-

197 655 281 682 modi,
296 663 368 687 quae
386 655 518 680 canonice
537 655 653 685 obtinet,
666 654 839 680 molestetur.
875 653 1023 679 l'rovideat
1038 659 1130 679 tamen

198 689 363 720 ordinarius,
377 689 494 722 qualiter
511 697 563 714 nec
577 689 730 714 animarum
748 696 813 714 cura
831 688 857 713 in
875 687 983 713 eisdem
997 688 1131 720 ecclesiis,

198 723 393 756 personatibus
411 731 460 748 seu
479 723 660 755 dignitatibus
678 723 844 755 negligatur,
858 730 910 747 nec
922 722 1059 748 beneficia
1071 723 1131 755 ipsa

196 758 299 783 debitis
317 757 460 790 obsequiis
478 757 687 783 defraudentur.
724 757 751 782 Si
771 765 837 782 vero
860 757 895 782 (le
914 756 1130 790 dispensationis

198 792 337 817 exhibitae
349 791 515 817 sufficientia
526 791 676 823 dubitetur,
688 799 771 825 super
781 791 833 816 hoc
847 791 897 816 erit
910 790 946 816 ad
957 790 1054 816 sedem
1064 799 1130 824 apo-

199 826 326 851 stolicam
340 826 547 857 recurrendum,
561 826 638 851 cuius
651 830 693 851 cst
711 825 902 857 aestimare1·,
916 833 1002 858 quem
1015 825 1130 850 modum

197 861 237 885 sui
252 859 379 885 beneficii
394 868 457 886 esse
467 860 542 885 velit.
568 861 596 885 In
608 859 784 885 conferendis
798 859 911 893 insuper
924 859 1131 892 personatibus,

197 894 379 927 dignitatibus
394 900 420 919 et
439 895 500 919 aliis
518 894 670 922 beneficiis,
684 902 778 919 curam
796 893 964 919 habentibus
977 893 1131 919 animarum

197 937 344 959 annexam,
365 928 450 954 iidem
472 928 603 954 ordinarii
625 929 798 961 diligentiam
821 928 895 953 illam
917 928 1077 959 observent,
1103 932 1131 953 ut

198 968 387 996 personatum,
413 963 578 995 dignitatem
604 963 649 988 vel
673 963 782 988 aliud2'
811 962 988 994 beneficium,
1013 962 1131 988 similem

197 1005 291 1022 curam
304 997 411 1023 habens
421 997 575 1022 animarum
582 998 593 1014 ²³
600 1000 620 1029 ’,
634 997 713 1022 alicui
728 997 806 1030 plura
817 997 917 1022 similia
928 996 1062 1022 obtinenti
1076 1005 1132 1022 non

197 1037 262 1057 ante
280 1031 406 1057 conferre
424 1036 612 1065 praesumant,
626 1040 710 1064 quam
729 1031 768 1057 eis
783 1039 867 1065 super
884 1030 1006 1056 obtentis
1021 1031 1132 1064 dispen-

197 1066 267 1091 satio
282 1066 425 1091 evidenter
438 1066 578 1091 sufficiens
592 1066 765 1091 ostendatur.
795 1068 856 1099 Qua
870 1065 953 1091 etiam
967 1069 1082 1090 ostensa
1095 1065 1132 1090 ita

198 1100 310 1125 demum
331 1100 368 1125 ad
390 1100 569 1126 collationem
591 1100 704 1134 procedi
724 1100 862 1131 volumus,
880 1099 904 1124 si
925 1104 1060 1133 appareat
1083 1108 1132 1133 per

197 1134 325 1166 eandem,
345 1134 420 1168 quod
438 1135 470 1166 is,
489 1135 531 1159 cui
549 1139 591 1160 est
610 1135 720 1159 collatio
738 1134 874 1166 facienda,
893 1133 1052 1159 huiusmodi
1070 1142 1131 1167 per-

198 1174 336 1200 sonatum,
349 1169 515 1201 dignitatem
532 1169 576 1194 vel
593 1168 761 1194 beneficium
778 1169 898 1194 retinere
915 1167 1023 1193 libered
1040 1169 1131 1193 valeat

197 1212 260 1228 cum
277 1203 409 1235 obtentis,
427 1203 470 1229 vel
490 1203 511 1228 si
530 1212 572 1235 ea,
590 1211 662 1236 quae
680 1203 719 1228 sic
737 1203 854 1234 obtinet,
872 1203 959 1228 libere
980 1211 1013 1228 ac
1031 1207 1131 1236 sponte

198 1238 329 1271 resignet.
365 1238 454 1263 Aliter
480 1243 573 1263 autem
600 1237 636 1263 de
665 1237 870 1271 personatuum,
896 1237 1078 1270 dignitatibus
1103 1242 1131 1262 et

197 1271 339 1298 beneficiis
353 1272 454 1298 talibus
468 1271 541 1298 facta
555 1272 665 1298 collatio
679 1272 780 1297 nullius
794 1271 903 1305 penitus
918 1273 952 1297 sit
966 1271 1110 1297 momenti.

601 1350 617 1369 (1
625 1350 643 1368 A
650 1350 674 1368 P.
690 1350 727 1369 lv.

196 1389 308 1413 Praecipit
318 1390 385 1413 Papa,
401 1394 428 1407 ne
443 1388 536 1412 praelati
552 1389 646 1407 subditis
661 1388 805 1409 interdicant.
820 1394 848 1407 nc
863 1390 944 1407 statum
955 1389 1100 1408 ecclesiarum
1111 1390 1132 1408 et

196 1421 340 1439 personarum
355 1415 507 1438 superioribus
523 1414 686 1438 inquirentibus
702 1415 852 1435 manifestent,
873 1420 913 1433 nce
932 1414 959 1433 ad
975 1415 996 1433 id
1014 1415 1131 1433 celandum

197 1442 335 1463 iuramentis,
355 1441 548 1464 promissionibus.
569 1440 745 1463 obligationibus
763 1442 801 1458 aut
818 1440 868 1458 aliis
887 1440 965 1463 poeuis
984 1441 1131 1464 adstringant.

197 1467 303 1486 buceruit
313 1470 394 1487 antem,
410 1466 468 1490 quod
483 1469 562 1484 contra
573 1467 654 1485 sactum
666 1466 738 1488 fuerit,
754 1466 841 1485 irritum
853 1467 875 1484 et
885 1466 958 1488 inane,
971 1469 991 1485 et
1001 1467 1132 1487 sententias,

195 1494 327 1515 iuramenta,
342 1492 502 1516 promissiones
514 1492 548 1511 vel
558 1497 640 1515 poenas
654 1497 699 1510 non
710 1492 786 1515 ligare,
801 1493 822 1510 ct
835 1494 1014 1515 praesumptores
1024 1493 1132 1516 praecipit

288 1524 361 1542 poena
371 1518 482 1541 condigna
492 1524 504 1536 a
515 1518 666 1542 superioribus
676 1518 760 1536 eisdem
771 1518 852 1541 puniri.
879 1518 957 1536 Ioann.
968 1518 1038 1536 Andr.

512 1568 707 1594 ssonifacius
726 1568 816 1594 VIIL³

266 1616 337 1649 Quia
367 1616 494 1649 plerique
519 1616 635 1649 praelati
664 1623 719 1640 non
749 1615 809 1640 sine
833 1615 935 1641 multal
967 1615 1132 1641 temeritatis

197 1651 314 1676 audacia
339 1651 395 1675 suis
422 1650 541 1675 subditis
566 1649 716 1683 aliquando
742 1649 922 1682 interdicunt,
948 1658 982 1675 ne
1007 1649 1132 1688 ipsorum

197 1685 387 1719 superioribus
401 1689 447 1710 aut
461 1685 634 1718 apostolicae
648 1684 723 1710 sedis
741 1684 850 1717 legatis,
864 1684 907 1709 vel
921 1684 1131 1718 inquiSitoribus

195 1720 231 1746 ad
246 1719 450 1753 inquirendum,
464 1719 661 1751 corrigendum
675 1723 702 1744 et
716 1718 921 1744 reformandum
939 1719 965 1744 in
980 1727 1075 1744 eorum
1089 1727 1132 1744 ec-

199 1754 301 1785 clesiis,
319 1754 494 1779 monasteriis
517 1753 575 1779 sive
596 1753 664 1778 locis
683 1761 698 1778 a
716 1752 784 1778 sede
803 1753 944 1786 deputatis
961 1753 1071 1785 eadem,
1088 1753 1133 1778 vel

195 1789 256 1814 aliis
271 1788 485 1822 quibuscunque
499 1788 636 1821 personis,
647 1795 697 1821 per
708 1795 777 1820 quas
788 1786 823 1812 ad
834 1787 961 1812 notitiam
975 1787 1131 1820 praedicto-

197 1832 258 1848 rum
266 1823 356 1848 valeat
367 1822 632 1856 pervenire,statum
644 1821 1071 1853 ecclesiarum,monasteriorum
1083 1830 1132 1847 seu

196 1858 321 1883 locorum
338 1865 462 1888 suorum,
484 1864 667 1889 personarum
690 1860 717 1881 et
739 1864 831 1881 rerum
851 1856 975 1889 ipsorum
994 1855 1133 1881 insinuent

196 1892 240 1918 vel
259 1896 408 1924 exponant,
422 1891 449 1916 in
467 1891 554 1924 ipsos,
568 1891 590 1915 si
609 1898 690 1915 secus
709 1890 816 1923 egerint
830 1890 1132 1921 excommunicationis,

198 1925 389 1959 suspensionis
403 1925 447 1950 vel
460 1924 598 1950 interdicti
612 1925 766 1950 sententias
780 1924 962 1957 proferentes,
976 1932 1082 1958 eosque
1096 1925 1132 1949 ad

197 1961 249 1985 hoc
267 1959 415 1985 celandum
434 1959 604 1989 iuramentis,
618 1958 849 1992 promissionibus
867 1963 895 1983 et
913 1958 1131 1991 obligationibus

198 1995 351 2027 aliisque2·
366 1994 464 2027 poenis
478 1993 657 2018 nihilominus
671 1993 890 2026 adstringentes:
904 2001 965 2024 nOS,
978 1993 1041 2018 huic
1054 1993 1131 2018 mali-

198 2030 262 2060 tiae,
273 2037 308 2053 ne
320 2028 365 2053 tali
377 2033 522 2061 praetextu
534 2028 559 2052 in
571 2027 705 2058 ecclesiis,
716 2027 892 2052 monasteriis
903 2032 930 2052 et
944 2027 1012 2052 locis
1024 2027 1131 2052 eisdem

199 2063 349 2096 inquisitio,
363 2062 497 2087 correctio
512 2071 560 2087 seu
575 2061 745 2093 reformatio,
759 2070 843 2094 quum
862 2061 1007 2087 faciendae
1020 2061 1132 2093 fuerint,

197 2098 307 2123 valeant
331 2096 466 2130 impediri,
485 2104 629 2122 occurrere
651 2096 806 2130 cupientes,
824 2095 969 2129 praedicta
985 2101 1013 2121 et
1035 2104 1131 2121 eorum

199 2131 344 2165 quodlibet
373 2131 502 2156 attentari
533 2131 568 2156 de
593 2135 686 2156 cetero
712 2130 863 2156 districtius
888 2130 1059 2162 inhibemus,
1085 2130 1131 2156 de-

198 2171 343 2191 cernentes
354 2166 519 2191 auctoritate
529 2165 693 2199 apostolica,
704 2164 837 2198 quicquid
848 2169 944 2189 contra
955 2169 1132 2198 praesentem

199 2200 391 2226 inhibitionem
405 2204 571 2225 attentatum
591 2199 735 2229 exstiterit,
749 2199 851 2224 nullius
869 2199 980 2232 penitus
997 2199 1132 2225 exsistere

198 2234 343 2265 firmitatis,
357 2242 406 2259 nec
425 2242 595 2267 quemquam
614 2233 770 2265 sententiis,
783 2233 953 2264 iuramentis,
971 2233 1132 2266 promissio-

198 2269 289 2300 nibus,
311 2268 528 2301 obligationibus
550 2268 592 2294 vel
620 2268 718 2301 poenis
741 2267 899 2292 huiusmodi
923 2267 1040 2300 obligari
1064 2276 1131 2301 quo-

198 2303 353 2329 modolibet
366 2302 409 2328 vel
423 2302 567 2335 adstringi.
604 2303 832 2336 l’raesumptores
851 2306 944 2327 autem
958 2302 1084 2334 eosdem,
1097 2310 1132 2328 ne

198 2339 323 2372 ipsorum
337 2337 477 2363 temeritas
489 2345 602 2370 quoquo
612 2336 696 2362 modo
711 2341 833 2362 transeat
846 2336 988 2370 impunita,
999 2345 1015 2362 a
1026 2336 1132 2370 superi-

264 2444 323 2466 Tit.
338 2443 411 2466 XVI.
448 2442 520 2472 Cap.
534 2441 585 2464 III.
632 2439 659 2471 h>
673 2441 798 2464 exhibere:
812 2439 873 2464 11(ιᾶ
951 2439 974 2472 e)
987 2441 1132 2465 eorundem:

197 2477 269 2502 Hbc:
285 2477 429 2500 earundem:
442 2475 487 2500 Ilrl
555 2474 581 2506 (l)
595 2475 671 2498 licite:
687 2473 779 2504 lllnvlf.

265 2513 335 2542 Cap,
359 2511 402 2534 lv.
451 2509 476 2541 a)
505 2511 573 2533 llaec
604 2510 732 2532 decretali<
757 2510 814 2532 olim
844 2513 895 2533 crat
924 2513 1084 2540 cxtravagans
1108 2514 1130 2533 et

197 2547 339 2578 incipiebat:
367 2546 410 2568 Ad
429 2544 626 2567 audientiam:
649 2542 740 2566 Inmiti.
761 2543 841 2567 Andr.
858 2557 892 2560 —
908 2547 1002 2567 ems-ml:
1026 2543 1130 2567 HcLM.

198 2581 267 2604 Alex.
283 2600 287 2604 .
303 2599 307 2604 .
323 2600 327 2603 .
345 2580 383 2603 Ad
399 2585 490 2611 perpet.
509 2579 540 2601 rei
552 2586 652 2601 memor.
669 2583 691 2601 et
707 2577 774 2600 infra.
808 2578 846 2600 Avi
861 2578 1010 2601 audientiam
1024 2583 1130 2601 nostram

198 2616 314 2646 pervenit,
331 2615 395 2645 quod
410 2613 519 2637 nonnulli
533 2613 634 2636 abbates
647 2617 668 2635 et
684 2612 723 2634 alii
736 2612 840 2641 religiosi
852 2613 1007 2643 praelationis
1020 2618 1131 2643 gerentes

197 2650 302 2672 officium
324 2648 369 2672 de¹
393 2656 468 2679 regno
492 2647 608 2671 Franciae
629 2646 732 2669 subrini<
756 2647 804 2669 suis
826 2646 959 2675 inhibens-2
988 2655 1018 2670 ne
1043 2651 1131 2670 statum

197 2684 399 2707 monasteriorum
409 2690 514 2710 suorum,
529 2689 685 2713 personarum
696 2686 717 2703 et
726 2680 737 2696 3
750 2688 828 2703 renim
839 2681 970 2703 eorundem
982 2681 1132 2704 dioecesanis

197 2719 245 2741 >uis
258 2719 294 2741 vel
309 2718 362 2741 aliis
376 2726 418 2748 per
428 2726 489 2748 quos
499 2717 530 2739 ad
545 2716 656 2739 notitiam
669 2723 752 2738 eorum
766 2715 892 2745 pervenire
905 2714 996 2745 possim
1011 2716 1131 2739 insinuent

198 2753 234 2775 vel
249 2757 378 2783 exponant,
401 2752 423 2774 in
438 2752 510 2782 ipsos,
531 2751 550 2773 si
567 2758 635 2774 secus
652 2749 744 2779 egerint
761 2749 1019 2772 excommunicationis·
1037 2754 1131 2773 senten-

196 2788 255 2810 tiam
266 2786 421 2818 proferentes.
455 2786 490 2808 Ex
504 2793 553 2817 quo
566 2784 653 2813 evenit,
670 2783 736 2815 quod
749 2791 823 2814 quum
838 2783 883 2814 ipsi
896 2783 1032 2806 dioecesani
1047 2784 1132 2808 eadem

638 2868 659 2893 2)
670 2869 796 2888 inhibeant:
812 2867 842 2887 Hc
890 2868 910 2890 3)
921 2868 968 2886 vel:
982 2868 1008 2887 ih.

248 2872 268 2894 l)
278 2872 305 2891 de
316 2877 376 2895 regn.
387 2872 480 2890 Franc.:
494 2870 562 2889 deest:
576 2869 591 2889 L

667 2896 688 2917 τ’)
699 2894 783 2914 Contra
793 2894 919 2912 huiusmodi
930 2900 995 2917 ergo:
1012 2894 1050 2913 LJI

197 2900 216 2920 7)
228 2898 339 2921 indigent:
355 2897 369 2915 1.
421 2897 441 2920 8)
453 2898 580 2916 remanent:
595 2894 617 2914 M

530 269 635 295 SEXTI
655 269 864 295 DECRETAL.
882 269 948 295 Llss.
968 269 987 295 1.
1007 269 1076 295 TIT.
1094 269 1168 295 XVI.
1188 269 1239 294 DE
1259 267 1402 294 OFFICIO
1423 267 1625 294 ORDINARII.
1644 275 1668 293 c.
1687 270 1763 300 4—8.

1052 2868 1073 2893 4)
1084 2870 1210 2893 perveniat:
1225 2869 1266 2890 flu:
1279 2869 1423 2893 perveniant:
1438 2868 1452 2887 L

1100 2895 1133 2917 m)
1143 2898 1164 2914 ct
1175 2895 1323 2919 periculosas:
1338 2894 1369 2913 Hc

2049 266 2099 293 988

1165 346 1259 372 oribus
1273 346 1316 372 vel
1335 345 1434 378 legatis
1452 353 1501 370 seu
1520 344 1729 378 inquisitoribus
1744 344 1905 371 memoratis
1924 343 2098 370 animadver-

1165 381 1244 406 sione
1258 380 1397 413 condigna
1410 379 1596 414 praecipimus
1610 378 1748 412 castigari.

1572 448 1644 467 CAP.
1660 449 1686 468 V.

1165 483 1298 507 Iurisdictio,
1310 483 1477 507 archiepiscopo
1487 483 1594 527 attribip¹a
1604 483 1626 526 iln
1634 487 1680 526 171113
1690 482 1842 506 dioecesi,sibi
1854 482 1876 500 in
1887 481 1936 500 aliis
1947 487 1991 500 uon
2003 481 2099 505 prodest.

1586 522 1591 526 .
1603 514 1607 525 ι
1618 522 1623 526 .
1644 513 1700 527 renz.

1582 553 1681 580 Idem.

1234 598 1272 624 Ut
1289 597 1430 631 litigantes
1449 597 1606 623 releventur
1619 605 1635 622 a
1648 596 1790 622 laboribus
1804 600 1831 622 et
1849 595 1988 630 expensis,
2003 595 2098 621 statui-

1166 640 1236 663 mus,
1250 640 1285 657 ne
1303 632 1531 669 archiepiscopus
1550 638 1657 662 causas,
1672 639 1744 664 quae
1762 639 1811 664 per
1824 630 2043 664 appellationem
2056 630 2099 656 vel

1165 665 1233 691 alias
1247 666 1305 691 iure
1319 665 1524 699 metropolitico
1543 665 1707 690 deferuntur
1720 665 1755 690 ad
1773 665 1874 698 ipsum,
1887 664 1962 696 alibi,
1976 672 2058 698 quam
2072 664 2099 689 in

1166 708 1216 725 sua
1229 700 1340 734 propria
1354 700 1464 725 civitate
1478 700 1520 725 vel
1535 699 1668 731 dioecesi,
1681 704 1727 724 aut
1740 699 1768 724 in
1781 699 1832 730 eis,
1845 699 1872 724 in
1906 699 1986 724 uibus
2003 698 2099 732 appel-

1166 734 1250 759 latum
1279 734 1392 765 exstitit,
1417 734 1460 760 vel
1487 742 1588 759 causae
1614 734 1692 767 ipsae
1714 733 1868 758 consistere
1910 732 2100 765 ignoscuntur,

1166 768 1259 794 audiat
1274 769 1317 794 vel
1331 769 1414 794 etiam
1428 768 1582 793 audiendas
1596 767 1760 800 committat,
1772 767 1824 793 nisi
1835 767 1887 792 sibi
1897 767 1972 792 aliud
1987 767 2022 793 de
2035 775 2099 792 con-

1166 803 1314 828 suetudine
1327 807 1467 836 competat
1482 803 1508 828 in
1521 803 1573 828 hac
1586 806 1675 836 parte.

1573 872 1589 891 C
1596 871 1645 890 ΑΡ.
1661 871 1698 890 VI.

1166 906 1189 924 Si
1205 906 1327 929 episcopus,
1342 912 1409 930 quum
1424 908 1502 930 potest,
1518 911 1580 924 sunm
1595 906 1709 924 dioecesin
1724 905 1800 924 visitat
1814 910 1853 928 per
1862 904 1937 927 alium,
1953 904 2020 923 habet
2034 904 2067 924 illi
2078 904 2101 923 in

1166 932 1299 950 necessariis
1310 932 1438 956 providere:
1447 933 1531 950 visitati
1542 934 1616 950 autern
1628 932 1650 950 in
1661 931 1796 950 victualibus
1806 930 1957 954 providebunt
1965 931 2008 954 ipsi
2017 930 2102 950 vicario

1344 958 1451 981 visitanti,
1462 960 1484 977 ct
1495 963 1539 976 non
1550 958 1661 981 episcopo.
1689 958 1716 976 ΙΙ.
1728 957 1749 975 d.
1761 957 1838 975 loann.
1849 956 1918 975 Andr.

1584 1004 1683 1029 Idem.

1236 1045 1263 1071 Si
1283 1045 1431 1080 episcopus
1450 1055 1528 1072 suam
1546 1046 1697 1078 dioecesin,
1711 1046 1757 1071 ubi
1777 1045 1801 1071 ei
1820 1055 1836 1071 a
1849 1045 1907 1071 iure
1925 1045 2102 1079 permittitur,

1168 1079 1250 1105 faciat
1268 1088 1319 1113 per
1336 1081 1419 1106 alium
1436 1081 1550 1113 visitari,
1563 1081 1626 1106 licet
1645 1080 1705 1114 ipse
1719 1080 1757 1105 illi
1776 1080 1879 1106 habeat
1892 1079 1918 1105 in
1932 1080 1992 1105 aliis
2005 1088 2101 1106 neces-

1168 1115 1246 1140 sariis
1258 1115 1417 1148 providere:
1432 1115 1460 1140 hi
1471 1120 1573 1147 tamen,
1585 1115 1630 1148 qni
1641 1115 1796 1146 visitantur,
1806 1114 1964 1140 ministrare
1974 1118 2103 1140 tenentur

1168 1157 1306 1182 expensas
1323 1149 1483 1175 victualium
1500 1149 1632 1181 visitanti,
1649 1157 1734 1182 quum
1751 1149 1905 1174 secundum
1918 1148 2102 1182 Apostolum1

1167 1192 1223 1208 non
1240 1183 1275 1208 sit
1293 1192 1435 1217 magnum,
1453 1184 1474 1209 si
1492 1184 1528 1209 ab
1545 1192 1579 1209 eo
1597 1188 1736 1209 metantur
1756 1183 1928 1217 temporalia,
1946 1191 1996 1217 per
2018 1191 2103 1216 quem

1167 1217 1321 1252 spiritualia
1339 1218 1518 1243 seminantur.
1554 1217 1632 1244 Idem
1649 1222 1743 1243 tamen
1760 1218 1920 1251 episcopus,
1937 1225 2023 1251 quum
2060 1225 2102 1243 er-

1167 1252 1301 1277 sonaliter
1321 1260 1376 1277 non
1398 1252 1533 1284 visitat-22
1555 1253 1592 1277 nil
1614 1260 1729 1285 prorsus
1752 1252 1786 1277 ab
1809 1251 1861 1283 his,
1879 1251 1926 1285 qui
1948 1260 1998 1285 per
2015 1251 2101 1284 ilum,

1168 1295 1252 1320 quem
1266 1286 1391 1320 deputat,
1404 1286 1505 1312 fuerint
1518 1286 1629 1319 visitati,
1643 1287 1755 1319 exigere
1768 1286 1871 1320 poterit
1883 1290 1930 1312 aut
1944 1285 2068 1312 debebit.

1566 1360 1638 1379 CAP.
1653 1361 1703 1380 Vll.

1166 1395 1190 1413 In
1201 1395 1303 1418 quolibet
1312 1394 1361 1413 loco
1372 1394 1480 1414 dioecesis
1491 1400 1535 1413 non
1546 1396 1649 1417 exempto
1660 1400 1698 1417 per
1708 1399 1731 1413 se
1742 1396 1763 1413 ct
1777 1399 1817 1418 per
1826 1394 1894 1413 alium
1905 1395 1977 1418 potest
1987 1394 2103 1418 episeopus

1167 1427 1206 1445 pro
1221 1420 1327 1440 tribunali
1342 1421 1428 1443 sedere,
1445 1422 1466 1440 et
1480 1420 1732 1464 Hbeml‘ijaffiilujaiiilliae
1747 1420 1774 1439 ad
1789 1421 1858 1444 ipsius
1876 1421 1978 1444 spectant
1996 1419 2102 1439 officium.

1587 1492 1686 1518 Idem.

1236 1537 1327 1570 Quum
1337 1536 1487 1570 episcopus
1498 1536 1524 1561 in
1536 1540 1595 1561 tota
1605 1544 1655 1561 sua
1665 1535 1789 1562 dioecesi
1799 1535 2019 1562 iurisdictionem
2029 1535 2102 1561 ordi-

1167 1570 1273 1596 nariam
1291 1575 1422 1596 noscatur
1440 1571 1553 1602 habere,
1568 1570 1684 1596 dubium
1700 1578 1756 1595 non
1774 1570 1891 1603 exsistit,
1905 1570 1972 1604 quin
1989 1569 2016 1596 in
2034 1578 2102 1604 quo-

1167 1605 1235 1631 libet
1253 1606 1314 1631 loco
1328 1605 1415 1639 ipsius
1430 1605 1567 1630 dioecesis
1581 1613 1637 1630 non
1650 1609 1780 1638 exempto
1794 1613 1844 1638 per
1854 1613 1885 1630 se
1897 1605 1942 1630 vel
1955 1613 2006 1638 per
2017 1605 2103 1630 alium

1168 1639 1256 1673 possit
1274 1648 1324 1673 pro
1343 1639 1472 1665 tribunali
1490 1639 1600 1671 sedere,
1614 1647 1712 1664 causas
1725 1639 1761 1664 ad
1779 1639 1998 1665 ecclesiasticum
2011 1639 2102 1664 forum

1168 1678 1326 1707 spectantes
1341 1674 1447 1706 audire,
1460 1682 1596 1707 personas
1615 1673 1828 1705 ecclesiasticas,
1841 1681 1927 1707 quum
1944 1681 2039 1699 earum
2057 1681 2102 1699 ex-

1167 1717 1262 1734 cessus
1281 1709 1434 1741 exegerint,
1453 1716 1555 1741 capere
1572 1708 1620 1733 acl
1643 1708 1746 1733 carceri
1765 1708 1911 1741 deputare,
1927 1715 1979 1733 nec
1996 1716 2053 1733 non
2074 1712 2103 1734 et

1168 1747 1270 1774 cetera,
1285 1751 1356 1776 quae
1370 1742 1405 1768 ad
1419 1742 1506 1776 ipsius
1520 1746 1648 1776 spectant
1662 1742 1793 1774 officium,
1807 1742 1894 1768 libere
1907 1750 2045 1768 exercere.

1557 1816 1574 1836 C
1581 1816 1630 1835 AP.
1646 1817 1708 1837 VHI.

1168 1851 1283 1874 Cauonici,
1298 1851 1335 1874 qui
1345 1857 1359 1870 a
1369 1851 1452 1870 divinis
1466 1856 1554 1870 cessare
1568 1851 1658 1874 possint,
1673 1856 1741 1875 quum
1757 1855 1843 1870 cessare
1857 1850 1977 1875 voluerint,
1991 1851 2103 1870 vocabunt

1167 1877 1277 1900 absentes,
1296 1878 1353 1895 sicut
1367 1877 1385 1895 si
1400 1877 1528 1896 immineret
1542 1877 1622 1896 electio
1637 1877 1746 1899 facienda,
1767 1882 1816 1895 cum
1835 1877 1915 1900 quibus
1933 1876 1960 1896 de
1979 1877 2103 1896 cessatione

1167 1903 1330 1921 deliberabunt.
1358 1903 1386 1921 Et
1401 1903 1419 1920 si
1435 1902 1561 1921 deliberant
1571 1908 1665 1925 cessare,
1682 1903 1795 1926 requirent
1805 1903 1866 1926 prius
1877 1907 1934 1925 eum,
1950 1904 2028 1921 contra
2037 1907 2103 1926 quem

1167 1930 1260 1950 cessant,
1277 1930 1300 1947 ut
1315 1929 1434 1952 irrogatam
1449 1929 1556 1947 offensam
1571 1928 1682 1947 emendet.
1710 1928 1774 1950 Quod
1785 1928 1802 1946 si
1818 1928 1902 1949 fecerit.
1917 1933 1963 1946 uon
1973 1928 2102 1951 cessabunt:

1167 1954 1267 1977 alioquin
1286 1960 1373 1973 cessare
1392 1955 1502 1977 poterunt,
1523 1955 1560 1975 ita.
1580 1954 1638 1977 quod
1657 1960 1670 1973 a
1685 1954 1808 1972 cessatione
1823 1954 1882 1973 infra
1896 1959 1995 1972 mensem
2010 1956 2103 1978 utraque

1167 1985 1224 2003 ραι-ε,
1240 1981 1261 1998 ct
1276 1985 1365 1998 cessans
1376 1982 1397 1998 et
1411 1981 1490 1998 contra
1505 1985 1570 2003 quem
1581 1981 1687 2002 cessatur,
1702 1980 1745 1998 iter
1757 1979 1849 2003 arripiat
1859 1979 1927 1998 eundi
1937 1980 1965 1998 ad
1975 1979 2058 2003 Papam
2068 1980 2104 1999 vel

1167 2011 1205 2029 per
1215 2012 1245 2027 se,
1256 2005 1291 2024 vel
1303 2011 1341 2028 per
1351 2007 1507 2029 procuratores
1517 2006 1653 2024 sufficienter
1663 2005 1791 2028 instructos,
1803 2005 1845 2024 nisi
1856 2005 1946 2024 interim
1956 2005 2104 2024 intervenerit

1167 2031 1288 2049 concordia
1298 2031 1356 2049 inter
1366 2032 1432 2055 ipsos.
1451 2031 1479 2049 Et
1489 2031 1625 2050 continuatis
1635 2031 1723 2055 diaetis,
1738 2037 1803 2055 quam
1814 2031 1859 2049 cito
1869 2032 1979 2055 poterunt,
1994 2037 2018 2050 se
2028 2036 2103 2050 eoram

1169 2058 1227 2080 l'apa
1246 2058 1394 2080 praesentent,
1414 2059 1444 2079 nt,
1463 2059 1556 2080 utraque
1576 2058 1637 2080 parte
1656 2059 1780 2080 praesente,
1798 2057 1834 2076 vel
1853 2057 1924 2075 altera
1942 2057 2105 2076 contumaciter

1167 2083 1266 2106 absente,
1282 2083 1343 2106 Papa
1357 2083 1453 2101 diffiniat
1467 2083 1588 2106 negotium,
1604 2085 1625 2101 et
1640 2083 1762 2106 culpabiles
1777 2083 1861 2106 puniat,
1877 2084 1905 2104 et,
1921 2083 1939 2101 si
1953 2088 2004 2106 pars
2014 2088 2103 2102 cessans

1273 2109 1388 2132 praedicta
1397 2114 1442 2127 non
1452 2110 1532 2132 servet,
1544 2109 1638 2128 cessatio
1649 2114 1693 2127 non
1704 2110 1810 2128 servetur.
1838 2109 1916 2127 Ioann.
1927 2108 1996 2127 Andr.

1574 2155 1692 2181 ldema.

1236 2197 1368 2230 Quamvis
1383 2205 1468 2231 super
1482 2198 1684 2223 cessationibus
1698 2206 1714 2223 a
1727 2197 1835 2230 divinis,
1850 2205 1922 2231 quae
1935 2206 1952 2223 a
1964 2197 2101 2231 capitulis,

1169 2232 1354 2257 conventibus
1368 2232 1426 2257 sive
1440 2232 1564 2265 collegiis
1579 2232 1761 2257 saecularium
1774 2232 1819 2257 vel
1832 2232 2000 2265 regularium
2014 2232 2102 2258 eccle-

1167 2266 1269 2291 siarum
1280 2266 1422 2292 multoties
1434 2266 1493 2292 sine
1504 2275 1587 2292 causa
1598 2266 1753 2292 rationabili
1765 2270 1945 2298 attentantur,
1954 2266 2103 2292 manifesta

1169 2300 1235 2326 satis
1249 2309 1265 2325 a
1279 2300 1367 2326 felicis
1385 2301 1586 2326 recordationis
1605 2301 1765 2326 Innocentio
1779 2301 1840 2326 111.1
1858 2305 1885 2326 et
1899 2300 2036 2334 Gregorio
2049 2300 2102 2326 X.2

1168 2335 1435 2369 praedecessoribus
1452 2335 1555 2360 nostris
1574 2335 1746 2361 manaverint
1768 2335 1902 2367 instituta,
1924 2335 1989 2369 quia
2009 2339 2103 2361 tamen

1168 2441 1314 2464 monasteria
1331 2438 1452 2469 visitent-3,
1478 2440 1574 2463 illorum
1593 2444 1682 2463 statum
1701 2440 1761 2463 scire
1782 2447 1830 2463 non
1852 2442 1961 2471 possunt.
2001 2439 2104 2470 Propter

1167 2476 1230 2507 quod
1250 2474 1342 2499 multaG
1359 2475 1383 2497 in
1400 2475 1434 2498 eis
1450 2478 1500 2497 tani
1518 2475 1540 2497 in
1559 2475 1646 2505 capite,
1668 2482 1741 2506 quam
1758 2474 1782 2497 in
1800 2474 1916 2497 membris
1932 2481 1994 2505 quae
2011 2481 2102 2497 correc-

1167 2511 1232 2533 tione
1257 2518 1285 2533 τις
1311 2509 1481 2533 reformatione
1507 2507 1660 2539 indigerent?
1689 2506 1847 2532 remaneant3
1869 2508 2009 2532 incorrecta.
2049 2507 2102 2531 Nos

1167 2553 1224 2575 ergo
1245 2549 1329 2568 contra
1350 2548 1400 2567 tam
1426 2543 1582 2567 detestabiles
1603 2551 1631 2567 ac
1653 2541 1830 2574 perniciosasl0
1850 2542 1954 2566 astucias
1974 2541 2101 2573 providere

1167 2579 1282 2607 volentes,
1292 2578 1444 2602 ‹lecet-nimus
1455 2577 1566 2601 hnhitoll
1579 2577 1679 2601 fratrum
1689 2581 1826 2600 nostrorum
1837 2576 1945 2605 consilio,
1953 2576 2018 2607 quod
2028 2576 2073 2606 ipsi
2082 2575 2103 2592 ¹²

1167 2613 1303 2636 dioecesani
1317 2612 1449 2636 sententias
1462 2620 1521 2643 quas
1535 2612 1673 2635 huiusmodi
1687 2611 1792 2642 religiosi
1810 2611 1910 2642 praelati
1924 2611 1947 2633 in
1954 2609 1976 2627 ¹³
1992 2610 2102 2633 subditos

1166 2656 1229 2675 suos,
1247 2648 1296 2670 sive
1310 2646 1511 2670 monasteriorum
1525 2654 1623 2669 suornm
1637 2646 1758 2669 subiectos
1770 2645 1895 2676 praedicta
1907 2644 2033 2668 occasione
2047 2652 2101 2674 pro-

1166 2682 1272 2710 tulerint,
1289 2690 1364 2713 quurn
1377 2681 1450 2704 iidem
1464 2681 1601 2704 dioecesani
1615 2680 1778 2703 visitationem
1792 2679 1899 2707 fecerint,
1919 2686 1967 2701 non
1980 2678 2102 2702 immerito

1167 2716 1263 2739 valeant
1278 2724 1396 2739 revocare.
1438 2715 1495 2738 Dat.
1513 2715 1600 2738 XVII.
1619 2715 1675 2738 Kal.
1693 2714 1772 2745 April.
1791 2714 1816 2737 P.
1834 2713 1866 2736 N.
1884 2713 1914 2736 A.
1933 2712 1966 2735 II.
1985 2710 2084 2744 (1256.)

1237 2751 1307 2782 Cap.
1334 2750 1410 2773 vm.
1463 2748 1488 2781 a)
1506 2748 1568 2772 Dal.
1592 2749 1626 2772 ΙΙ.
1650 2747 1721 2772 Νοη.
1744 2747 1827 2780 April.
1846 2746 1877 2770 A.
1896 2746 1930 2770 II.
1951 2745 2049 2778 (1296.)
2068 2760 2102 2764 —

1169 2783 1285 2808 J'ollhctst
1298 2792 1339 2808 no.
1355 2790 1445 2814 24310.

1495 2867 1516 2887 ἴι)
1525 2868 1629 2887 visitant:
1643 2867 1670 2889 L:
1684 2866 1792 2886 inferant:
1807 2864 1830 2884 M
1865 2863 1885 2886 6)
1897 2864 1971 2883 mults
1985 2864 2054 2884 deest:
2072 2865 2103 2885 Hc

1426 2894 1458 2918 11)
1469 2894 1520 2913 har».
1532 2908 1536 2912 .
1548 2907 1553 2912 .
1566 2907 1570 2912 .
1582 2899 1656 2912 cons:
1671 2892 1738 2911 deest:
1751 2891 1767 2910 11
1822 2889 1854 2913 12)
1864 2890 1944 2909 iidem:
1960 2890 1983 2909 M
2032 2891 2066 2915 13)
2076 2892 2101 2911 iu

198 2929 287 2942 suorum
301 2923 443 2942 monasteriis
459 2922 666 2941 (monaster-iorum:
680 2920 704 2944 L)
715 2925 822 2944 personas
836 2921 858 2939 et
873 2919 950 2943 (decen
964 2919 988 2943 h)
1002 2920 1109 2944 subditos,
1125 2922 1148 2940 iu
1162 2922 1241 2946 quibus
1256 2921 1323 2940 iidem
1340 2920 1468 2940 dioecesani
1482 2920 1634 2939 visitationem
1644 2919 1734 2942 habent,
1748 2917 1789 2936 hae
1800 2916 1917 2935 occasione
1928 2915 2006 2940 (deestt
2019 2916 2043 2941 L)
2053 2923 2102 2941 pro-

196 2950 295 2973 tulerint,
305 2949 395 2968 valeant
405 2954 522 2968 revocare:
536 2947 580 2967 LM.

250 3052 302 3070 Tit.
318 3052 376 3070 XVI.
391 3052 453 3075 Cap.
464 3052 503 3070 ΪΠ.
523 3051 543 3075 1)
553 3051 674 3071 extimare:
684 3048 812 3069 ACEFGIIab
851 3048 872 3072 2)
882 3048 971 3072 aliquod
982 3055 988 3068 z
1003 3047 1136 3070 BCEGHbczlc

200 3078 220 3099 3)
231 3082 278 3095 arn:
294 3076 361 3095 dui-l:
374 3076 552 3101 ABDEGJInnrAf.

251 3102 311 3126 Cap.
326 3103 364 3122 lv.
392 3103 412 3126 ι)
422 3104 516 3123 multae:
531 3102 603 3122 BDEF
653 3101 673 3126 2')
684 3101 733 3120 aliis
743 3103 824 3126 atque:
838 3101 900 3122 Codd.
911 3101 958 3121 coll.

1223 3050 1284 3074 Cap.
1299 3050 1336 3069 VI.
1369 3048 1389 3072 1)
1399 3048 1416 3067 1.
1427 3048 1472 3068 Cor.
1483 3047 1520 3069 IX.
1531 3048 1562 3066 11.
1615 3045 1635 3069 2)
1645 3045 1730 3064 visitet:
1745 3042 1856 3062 ABDEFG.

1223 3076 1285 3099 Cap.
1300 3075 1349 3094 vn.
1377 3074 1396 3098 l)
1407 3075 1456 3093 aut:
1471 3073 1530 3095 CER·
1545 3078 1592 3096 cap.
1603 3073 1651 3090 aut:
1665 3070 1732 3089 deest:
1747 3069 1771 3088 Β.

1223 3102 1285 3125 Cap.
1300 3100 1360 3120 vm.
1388 3099 1408 3124 1)
1417 3100 1467 3119 1v.:
1481 3098 1545 3118 ΟΕ-
1553 3098 1579 3122 cs.
1591 3103 1607 3116 c.
1618 3098 1648 3116 13.
1659 3097 1685 3115 X.
1695 3095 1715 3114 Ιι.
1726 3095 1740 3114 i.
1751 3095 1778 3119 (l,
1789 3094 1830 3119 31.)
1874 3096 1896 3119 2)
1905 3095 1931 3120 rs.
1942 3101 1990 3121 sup.
2001 3101 2017 3116 c.
2028 3098 2047 3116 2.
