2243 3288
150 192 217 218 1221

150 269 278 301 vitulum,
296 276 451 302 eorumque
472 269 567 294 liberis
589 273 618 295 et
640 269 739 295 sedula
759 273 869 294 corruat
890 268 918 293 in
935 269 1090 302 amplexus.

151 303 290 335 Profecto,
304 311 389 336 quum
407 303 543 336 ipsiuslv·
560 303 702 336 religionis
722 303 792 329 odor
813 303 913 335 trahat,
931 303 1031 328 caritas
1051 308 1090 328 at-

151 338 252 369 trahat,
270 337 386 363 scientia
408 337 521 369 lucidet,
539 338 628 363 oratio
649 342 798 369 mereatur,
821 345 893 370 quae
915 337 942 362 in
966 338 1090 363 convalle

151 372 336 403 lacrimarum,
349 371 431 396 huius
445 372 551 397 scilicet
568 372 664 397 mundi
682 371 804 403 miseria,
817 371 862 396 vel
880 370 972 396 cordis
991 373 1089 397 contri-

152 406 229 431 tione
247 409 275 431 et
293 405 485 431 humiliatione
503 406 652 439 purissima
669 406 869 432 adscensiones
887 405 915 430 in
932 405 1017 431 corde
1039 414 1089 431 suo

154 439 301 473 disposuit,
313 444 409 465 utnon
421 440 511 465 solum
525 441 551 465 in
565 441 695 466 virtutem
706 440 742 466 de
751 440 852 465 virtute
863 439 999 473 proficiat,
1010 440 1059 466 sed
1068 441 1088 458 11

151 474 178 499 111
193 473 300 499 eisdem
312 474 460 500 virtutibus
476 482 654 508 permanens,
668 474 746 508 quasi
761 473 930 507 quibusdam
943 474 1041 499 harum
1054 475 1089 500 ad

149 507 352 541 perfectionem
371 508 549 534 tendentibus
565 508 708 542 gradibus,
722 508 757 534 de
775 508 821 533 die
838 508 865 533 in
884 507 958 533 diem
974 508 1047 534 facta
1060 517 1090 534 se

148 542 248 567 melior
260 542 415 568 adscendat
433 543 460 568 in
477 543 569 575 altius,
587 547 698 568 terrena
715 542 861 576 despiciat,
876 543 938 567 ac1²
956 543 1090 568 coelestia

149 584 210 602 corn
233 576 360 609 lectatur,
385 577 481 610 sicque
507 577 621 603 tandem
646 577 739 602 divino
765 576 878 601 numine
903 576 1038 602 collocata
1063 578 1089 602 in

148 614 250 644 patria,
264 611 388 636 tant013*
402 612 494 637 Deum
508 611 662 637 secundum
675 610 755 636 huius
769 615 882 636 sanctae
896 610 1088 636 adscensionis

149 644 254 677 gradus
268 650 421 678 cognoscat
438 646 572 679 apertius,
586 649 690 678 quanto
708 653 780 670 nunc
794 645 821 670 in
834 645 915 670 huius
929 646 1088 678 peregrina-

149 679 231 704 tionis
245 680 382 712 angustiis
400 680 460 705 illos
480 679 674 705 conscenderit
690 679 814 704 altiores.
850 680 921 704 Nam
934 680 1088 705 secundum

148 713 241 738 David
258 714 428 747 Prophetam
449 714 590 745 eximium,
609 713 675 738 dum
697 718 822 738 sanctam
845 714 993 739 ecclesiam
1011 714 1088 740 Deus

148 748 291 781 suscipiet,
305 748 332 773 in
340 748 362 766 14
375 748 433 774 eius
447 748 580 781 gradibus
595 747 783 780 dignoscetur.
814 748 992 781 Quapropter
1005 748 1088 773 tantis

148 781 345 814 incommodis,
359 783 500 816 tantisque
514 782 642 807 eiusdem
660 781 764 807 ordinis
778 782 888 807 excitati
902 782 1042 815 periculis,
1056 791 1088 808 ac

147 815 184 841 ad
205 815 251 841 illa
272 816 430 842 salubribus
449 820 478 842 et
495 816 660 850 opportunis
682 824 733 849 per
754 816 882 841 eiusdem
901 816 978 842 sedis
997 817 1087 850 provi-

147 849 272 876 dentiam
294 850 526 884 circumspectam
547 850 715 876 adhibendis
741 850 935 876 submovenda
956 851 1086 876 remediis

145 889 260 910 nostrae
277 885 469 910 sollicitudinis
488 884 611 910 studium
630 889 826 910 convertentes
844 885 880 910 ad
893 885 946 910 Dei
965 885 1087 917 laudem,

146 918 222 944 beati
235 919 374 944 Francisci
391 919 582 952 praeconium,
596 919 712 952 eiusque
727 919 844 952 praefati
860 919 963 944 ordinis
977 927 1086 953 pacem,

147 953 426 986 consolationemque
443 953 577 984 fidelium,
591 961 643 978 nec
660 961 716 978 non
731 953 821 978 minus
835 954 922 978 cautis
936 953 1086 987 minusque

145 987 315 1012 habentibus
333 987 514 1013 inobediendi
532 987 577 1013 vel
595 987 732 1020 evagandi
751 987 906 1013 occasionis
929 988 1085 1013 subducen-

146 1021 241 1046 dam¹5
256 1021 412 1053 materiam,
430 1021 497 1047 ad1⁰
514 1021 720 1055 trepidandum,
740 1022 785 1046 ubi
804 1022 886 1047 timor
903 1030 958 1047 non
977 1022 1085 1053 aderat,

145 1055 340 1088 scrupulosam
353 1056 501 1089 caliginem
515 1056 727 1089 detergendam,
741 1064 848 1089 eosque
863 1056 985 1082 suaviter
999 1056 1084 1082 dedu-

145 1090 251 1115 cendos
258 1089 307 1122 1³,
318 1094 348 1115 ut
358 1090 428 1115 filios
440 1090 476 1115 ad
486 1090 574 1124 ipsius
585 1090 727 1123 religionis
737 1090 875 1123 gremium
886 1091 962 1115 velut
974 1090 1084 1116 matris:

145 1123 272 1157 diligenti
293 1132 378 1158 super
395 1125 438 1150 his
457 1124 679 1158 perscrutatione
701 1128 729 1150 et
749 1129 859 1149 matura
881 1124 1084 1150 deliberatione

142 1158 324 1191 praehabitis,
339 1159 374 1184 de
387 1158 504 1184 fratrum
517 1163 677 1184 nostrorum
690 1158 806 1184 consilio
820 1158 890 1184 infra
903 1159 1021 1192 scriptas
1036 1159 1083 1184 de-

142 1192 319 1225 clarationes,
337 1193 560 1224 commissiones,
578 1193 768 1218 ordinationes
786 1198 814 1218 et
831 1198 992 1227 praecepta,
1012 1201 1083 1226 quae

141 1226 257 1252 inferius
274 1227 442 1259 inseruntur,
460 1227 589 1252 duximus
605 1227 794 1259 adiungenda.
831 1228 860 1252 ln
882 1227 978 1260 primis
998 1236 1083 1260 quum

143 1260 252 1286 dicatur
271 1261 298 1286 in
319 1261 426 1294 regula,
444 1261 520 1295 quod
542 1261 589 1293 illi,
608 1261 655 1294 qui
677 1261 865 1294 promiserunt
883 1261 1082 1294 obedientiam,

141 1295 265 1321 habeant
282 1304 366 1320 unam
384 1296 505 1321 tunicam
522 1304 585 1321 cum
602 1296 724 1329 caputio,
738 1300 766 1321 et
784 1295 866 1321 aliam
884 1295 943 1321 sine
960 1296 1082 1329 caputio,

143 1330 190 1363 qui
208 1330 313 1355 habere
330 1330 477 1362 voluerint,
491 1330 568 1362 item,
583 1329 659 1363 quod
677 1329 776 1355 fratres
795 1338 893 1355 omnes
907 1330 1081 1356 vestimentis

141 1364 243 1389 vilibus
257 1364 415 1396 induantur,
429 1368 457 1389 et
474 1372 559 1397 super
575 1363 782 1397 praedictorum
800 1364 950 1390 verborum
968 1372 1052 1390 sensu
1066 1373 1082 1390 a

140 1398 280 1432 praefatis
294 1398 561 1432 praedecessoribus
579 1398 681 1424 nostris
698 1398 814 1424 Nicolao
833 1403 860 1424 et
875 1398 1019 1424 Clemente
1034 1398 1081 1424 de-

140 1432 306 1458 clarationes
326 1433 366 1465 (ut
383 1433 626 1466 praeniittitur¹⁸*)
645 1432 777 1466 limpidae
791 1438 964 1465 emanarunt,
978 1433 1080 1458 dictus-

142 1475 197 1500 que
216 1466 347 1492 Clemens
365 1467 446 1492 huius
464 1467 577 1492 vilitatis
600 1467 732 1492 iudicium
753 1467 897 1499 ministris,
916 1467 1079 1493 custodibus

140 1509 190 1526 seu
209 1501 371 1534 guardianis
389 1501 493 1526 ordinis
507 1501 644 1534 praedicti
658 1501 766 1527 duxerit
780 1501 1019 1533 committendum,
1033 1509 1079 1527 eo-

140 1543 201 1560 rum
215 1543 300 1569 super
313 1535 367 1560 hoc
381 1535 566 1561 conscientias
580 1535 733 1568 onerando,
746 1543 798 1561 nec
810 1535 845 1561 ab
859 1535 912 1561 hoc
926 1536 953 1560 in
967 1536 1080 1569 quibus-

141 1569 207 1595 dam
221 1578 254 1595 ex
272 1569 403 1595 fratribus
421 1574 486 1595 ante
505 1570 570 1595 dicti
588 1570 703 1601 ordinis,
720 1569 879 1595 volentibus
897 1570 960 1603 plus
979 1578 1080 1604 sapere

141 1612 225 1637 quarn
239 1608 351 1637 oportet
364 1612 474 1638 sapere,
487 1612 620 1629 novarum
636 1604 848 1630 adinventiones
866 1604 1080 1637 ambiguitatum

140 1646 287 1664 cessavere
305 1646 390 1672 quam
407 1638 551 1672 plurimae,
568 1638 613 1664 vel
630 1646 686 1663 non
704 1638 816 1663 omnino
834 1647 889 1664 non
906 1643 1079 1664 vetustarum

140 1673 288 1706 explicatio
308 1674 513 1706 quaestionum,
531 1677 589 1698 tam
606 1672 737 1698 videlicet
755 1681 839 1706 super
855 1673 1030 1706 longitudine
1052 1678 1079 1699 et

138 1707 295 1739 latitudine,
318 1715 402 1740 quam
426 1707 558 1740 grossitie
584 1711 611 1733 et
636 1707 799 1738 subtilitate,
824 1707 914 1732 forma
939 1712 966 1732 et
991 1707 1079 1741 figura

138 1741 371 1767 vestimentorum
389 1742 522 1775 ipsorum.
560 1741 632 1774 Quin
649 1740 734 1766 immo
753 1741 825 1766 adeo
847 1741 1006 1767 huiusmodi
1029 1741 1078 1767 ad-

139 1776 314 1801 inventiones
333 1780 360 1801 et
381 1776 562 1809 quaestiones
580 1775 693 1809 propria
706 1783 855 1801 excrevere
868 1775 987 1807 licentia,
1002 1780 1032 1801 ut
1045 1784 1078 1802 ex

139 1810 247 1835 eisdem
269 1809 400 1835 fratribus
418 1810 503 1844 aliqui
525 1810 637 1835 habitus
659 1814 809 1843 propterea
832 1815 934 1842 curtos,
956 1810 1077 1842 strictos,

138 1844 285 1870 inusitatos
300 1848 328 1870 et
341 1844 496 1878 squalidos,
509 1843 633 1870 novitate
650 1844 749 1877 plenos
763 1852 795 1869 ac
809 1843 917 1869 dissidii
931 1852 987 1869 non
1000 1844 1076 1877 igna-

138 1887 194 1910 ros,
209 1887 294 1912 quum
307 1887 323 1904 a
336 1878 536 1904 communitate
554 1878 658 1904 ordinis
678 1878 879 1912 discreparent,
892 1884 1076 1911 assumerent,

139 1921 191 1939 nec
209 1921 258 1938 eos
276 1913 313 1938 ad
329 1912 558 1945 ministrorumffl,
572 1912 729 1944 custodum,
742 1912 961 1945 guardianorum
978 1921 1076 1938 eorun-

138 1947 204 1973 dem
221 1947 384 1972 mandatum
402 1947 528 1980 requisiti
547 1947 732 1980 deponerent,
745 1955 797 1972 nec
815 1947 894 1978 alios,
908 1952 991 1980 prout
1005 1948 1076 1973 eius-

138 1982 203 2007 dem
217 1981 322 2006 ordinis
335 1981 519 2007 communitas
534 1981 681 2007 deferebat
698 1981 819 2012 habitus,
834 1981 909 2006 iuxta
922 1981 1076 2007 eorundem

136 2016 336 2047 ministrorum,
350 2015 498 2041 custodum
512 2020 539 2041 et
553 2015 770 2048 guardianorum
783 2015 928 2041 arbitrium
942 2015 1077 2041 ducerent

136 2050 331 2081 resumendos,
343 2050 479 2081 dicentes,
490 2051 517 2075 in
529 2050 583 2075 hoc
594 2049 748 2075 eorundem
761 2050 951 2082 praelatorum
963 2058 1076 2075 suorum

136 2093 192 2110 non
210 2084 366 2118 parendum
385 2084 444 2110 sore
461 2084 585 2115 arbitrio,
604 2092 688 2117 quum
706 2088 733 2109 et
752 2092 832 2109 suum
850 2084 889 2109 sic
911 2083 1076 2117 despectum

136 2119 294 2151 regularem
308 2123 335 2144 et
348 2118 543 2144 cruciformem
554 2121 721 2149 assererent,
732 2122 888 2143 ceterorum
899 2126 965 2143 vero
979 2126 1075 2151 super-
1110 2126 1128 2151 p

137 2153 222 2178 fluum
240 2152 367 2178 habitum
384 2153 624 2185 irregularemque
642 2156 798 2184 censerent,
820 2160 872 2178 nec
893 2152 956 2177 huic
979 2160 1076 2178 eorum

136 2187 260 2221 opinioni
274 2187 392 2221 praefati
403 2187 556 2212 Clementis
571 2186 788 2212 declarationem
800 2186 913 2220 saepius
927 2187 1075 2219 repetitam

137 2223 248 2247 obesse.
285 2222 356 2247 Nam
369 2221 433 2247 licet
446 2221 589 2253 ministris,
602 2220 766 2246 custodibus
781 2225 808 2246 et
821 2221 982 2253 guardianis
996 2229 1074 2254 prae-

136 2256 200 2281 fatis
214 2256 335 2281 vestium
347 2255 461 2281 vilitatis
475 2255 557 2281 detur
569 2255 597 2280 in
607 2255 652 2280 illa
663 2255 807 2280 iudicium:
822 2259 916 2280 tamen
930 2254 996 2280 inibi
1010 2263 1074 2280 con-

136 2295 289 2324 sequenter
299 2290 471 2323 adiungitur:
485 2290 548 2322 „ita
562 2293 665 2321 tamen,
677 2289 753 2322 quod
763 2289 898 2315 vilitatem
912 2289 938 2314 in
949 2290 1074 2315 vestibus

135 2326 280 2357 servent‚“
304 2324 470 2358 praesertim
499 2332 584 2357 quum
613 2328 641 2349 et
665 2323 693 2348 in
723 2323 913 2349 declaratione
937 2323 1074 2357 praedicti

134 2359 240 2384 Nicolai
259 2359 376 2390 dicatur,
390 2358 467 2392 quod
484 2366 596 2391 semper
613 2358 640 2383 in
658 2357 765 2383 eisdem
783 2357 913 2383 fratribus
931 2362 959 2383 et
978 2366 1074 2383 eorum

133 2394 242 2419 actibus
261 2398 411 2427 paupertas
430 2397 527 2418 sancta
544 2392 677 2423 reluceat,
690 2397 772 2425 prout
790 2392 857 2425 ipsis
875 2400 909 2417 ex
923 2400 1019 2417 eorum
1033 2401 1073 2418 re-

135 2428 201 2461 gula
211 2428 348 2453 invenitur
358 2427 471 2458 indicta,
481 2435 513 2452 ac
524 2426 770 2452 constitutionibus
777 2427 817 2443 ‘³¹¹‘
831 2426 957 2452 eiusdem
968 2426 1073 2451 ordinis

134 2462 312 2495 generalibus
326 2466 467 2493 caveatur,
478 2466 507 2486 ut
519 2465 658 2492 asserunt,
673 2460 748 2494 quod
762 2461 788 2485 in
803 2460 940 2492 omnibus,
952 2468 1024 2493 quae
1038 2461 1073 2486 ad

133 2496 259 2522 habitum
270 2496 384 2521 fratrum
397 2500 534 2529 spectant,
545 2495 695 2521 reluceat!¹
708 2503 819 2528 semper
828 2495 1072 2528 asperitas,vilitas

133 2535 161 2556 et
183 2535 343 2564 paupertas.
380 2530 464 2556 Unde
487 2538 572 2563 quum
594 2537 646 2554 nec
668 2529 872 2563 paupertatis²¹²
893 2529 938 2554 vel
959 2529 1072 2554 vilitatis

133 2565 245 2591 oblatae
267 2573 317 2598 per
337 2564 490 2596 ministros,
512 2563 654 2595 custodes,
673 2568 701 2589 et
722 2563 891 2595 guardianos
911 2567 1005 2589 vestes
1027 2571 1072 2588 ex-

132 2600 274 2631 sisterent,
287 2607 338 2624 nec
356 2599 480 2632 ipsorum
498 2597 673 2631 superiorum
687 2597 792 2623 ordinis
806 2597 847 2623 sui
862 2597 888 2622 in
902 2597 1071 2631 deponendo

131 2639 235 2666 vestes,
249 2641 319 2666 quas
333 2637 474 2666 gererent,
487 2640 538 2658 nec
556 2632 582 2657 in
598 2632 810 2663 reassumendo,
825 2640 894 2665 quas
907 2631 1015 2664 darent,
1029 2640 1071 2658 se-

133 2668 179 2702 qui
202 2667 334 2693 iudicium
357 2667 526 2692 ullatenus-’³
550 2666 726 2697 tenebantur,
748 2665 873 2699 generali
896 2666 1022 2691 ministro
1044 2670 1071 2692 et

132 2703 231 2728 ceteris
261 2701 406 2734 fratribus,
433 2701 479 2734 qui
509 2709 560 2734 pro
585 2701 784 2726 communitate
813 2700 940 2726 eiusdem
965 2699 1070 2726 ordinis

131 2737 248 2763 aderant
267 2736 323 2761 suis
346 2735 509 2767 rationibus,
528 2735 607 2768 (quas
625 2734 770 2760 brevitatis
793 2742 876 2760 causa
898 2734 1070 2768 omittimus,)

131 2771 301 2797 contrarium
313 2769 506 2796 asserentibus
523 2777 558 2795 ex
575 2769 704 2800 adverso,
718 2773 799 2802 prout
818 2769 887 2794 haec
900 2773 928 2794 et
941 2768 995 2794 alia
1007 2768 1071 2794 hinc

130 2805 196 2832 inde
215 2813 308 2831 coram
325 2805 406 2830 nobis
425 2809 453 2830 et
471 2803 579 2830 eisdem
597 2803 728 2829 fratribus
745 2803 848 2828 nostris
866 2803 970 2836 scripto
988 2803 1070 2836 lecta,

180 2918 233 2937 Tit.
249 2918 308 2936 XIV.
336 2916 398 2940 Cap.
414 2917 429 2935 1.
467 2915 500 2939 10)
511 2917 532 2935 et
543 2915 594 2939 ips.:
608 2914 648 2934 As!
708 2913 740 2937 11)
751 2914 788 2933 sed
800 2916 832 2934 et:
847 2915 873 2933 ιΊ).
941 2914 973 2938 12)
985 2917 1018 2934 et:
1032 2914 1067 2934 AB

128 2943 161 2967 13)
171 2945 235 2963 tunc:
250 2943 303 2962 Brit.-
317 2945 378 2962 tanto
389 2945 452 2961 tunc:
468 2942 482 2960 A
567 2942 599 2961 1-1)
611 2943 633 2959 et
643 2940 678 2964 iuff:
693 2940 735 2959 15³!
821 2940 853 2963 15)
864 2940 1014 2959 subduceudi:
1029 2940 1069 2959 ΑΜ

127 2970 161 2992 m)
171 2975 197 2988 ae
207 2969 246 2988 nd:
261 2968 301 2988 ΒΜ
362 2970 394 2987 17)
406 2967 557 2987 reducendos:
572 2966 630 2985 Alfi!
690 2966 722 2989 18)
733 2966 880 2989 praedicitur:
896 2966 923 2985 ιἸ),
986 2967 1018 2989 19)
1029 2972 1066 2985 eos

127 2995 348 3014 administratorum:
364 2994 403 3013 BJI
442 2996 475 3013 :wi
487 2994 509 3012 iu
520 2994 602 3012 eunst.:
618 2992 675 3011 ΑΒΜ
713 2994 746 3010 :eli
758 2992 882 3011 reluceant:
898 2991 920 3010 J!
961 2992 994 3011 2¹2]
1005 2991 1067 3011 mich:

127 3021 266 3045 asperitatis:
280 3020 321 3039 11111
364 3020 397 3043 153)
409 3019 548 3039 nullatenus:
564 3018 605 3037 ,Ul
646 3018 679 3042 21)
691 3018 762 3037 eidem
774 3018 868 3042 plurius:
883 3017 942 3036 ABJJ
983 3017 1016 3042 25)
1027 3018 1066 3037 sie.

425 192 642 218 EXTRAVAG.
663 193 786 218 IOANN.
806 193 893 218 XXII.
913 192 982 217 TlT.
1001 192 1075 217 XIV.
1096 193 1146 217 DE
1165 193 1375 220 VERBORUM
1395 195 1699 221 SIGNIFICATIONE.
1719 203 1742 221 e.
1765 203 1786 221 1.

1998 196 2064 221 1222

1126 270 1270 304 verboque
1284 270 1361 297 fuere
1379 272 1533 305 proposita,
1547 280 1579 297 ac
1592 273 1677 298 etiam
1695 280 1789 298 corani
1807 272 1946 306 aliquibus
1964 280 1997 298 cx
2011 273 2063 298 sra-

1126 304 1212 330 tribus
1231 306 1333 331 nostris
1352 306 1502 339 praedictis
1520 314 1604 340 super
1622 307 1674 332 hoc
1693 307 1833 340 deputatis
1851 316 1867 332 a
1880 307 1970 339 nobis,
1985 316 2063 340 prae-

1126 339 1221 364 sertim
1235 347 1284 372 per
1297 340 1405 373 aliquos
1420 349 1453 366 ex
1467 340 1597 366 fratribus
1609 341 1674 366 dicti
1686 341 1800 371 ordinis,
1813 341 1858 374 qui
1871 341 1897 366 in
1911 341 2062 375 praedictis

1126 374 1371 399 communitatibus
1381 374 1601 400 adversabantur
1613 375 1720 400 eisdem
1727 375 1776 407 “-’4·,
1787 375 1897 401 fuerunt
1908 375 2010 408 pluries
2021 384 2062 401 re-

1125 407 1222 440 petita.
1260 408 1396 440 Quocirca
1410 417 1469 441 nos,
1483 409 1614 434 seriosius
1628 409 1781 434 rationibus
1795 410 1946 443 praedictis
1959 410 2062 435 auditis

1125 445 1152 466 et
1166 441 1236 473 aliis,
1249 442 1358 475 illisque
1372 443 1481 476 plenius
1495 443 1653 475 intellectis,
1665 444 1790 469 volentes
1803 449 1969 477 perpetuum
1983 452 2062 477 prae-

1125 475 1182 500 sato
1197 475 1280 501 finem
1295 476 1362 502 (lare
1376 477 1499 509 negotio,
1511 477 1546 502 de
1560 477 1766 510 praedictorum
1778 477 1893 503 fratrum
1904 483 2062 503 nostrorum

1125 509 1241 535 consilio
1260 510 1433 536 declaramus
1452 516 1479 536 et
1498 511 1625 543 dicimus,
1640 512 1725 545 quod,
1740 520 1835 545 quum,
1854 512 1964 545 (sicut25
1982 521 2061 546 prae-

1124 544 1265 576 tangitur,)
1281 544 1388 570 dicatur
1404 545 1431 570 in
1449 546 1554 578 regula,
1569 546 1645 579 quod
1663 545 1762 571 fratres
1776 554 1874 572 omnes
1887 547 2062 572 vestimentis

1124 577 1224 603 vilibus
1238 578 1394 610 induantur,
1406 584 1433 604 et
1446 588 1531 612 quum
1544 580 1678 605 vilitatem
1692 580 1850 605 huiusmodi
1864 581 1993 612 vestium,
2004 586 2060 606 tam

1124 612 1235 637 habitus
1247 621 1330 646 quam
1341 613 1503 638 interiorum
1514 613 1677 645 tunicarum,
1689 614 1762 639 illam
1776 614 1918 648 praefatus
1930 615 2060 641 Clemens

1123 646 1239 679 intelligi
1258 647 1362 672 debere
1381 647 1545 679 decreverit,
1565 656 1636 681 quae
1654 648 1807 674 secundum
1830 649 2060 675 consuetudinem

1123 680 1167 705 vel
1181 681 1371 707 conditionem
1390 681 1496 715 patriae
1512 681 1624 713 debeat,
1639 687 1771 715 quantum
1785 683 1820 708 ad
1839 683 1962 709 colorem
1976 684 2058 717 panni

1123 719 1151 740 et
1164 715 1293 747 pretium,
1304 715 1396 741 vilitas
1410 716 1509 741 merito
1522 716 1654 749 reputari,
1665 721 1749 749 atque
1761 722 1966 750 consequenter
1979 718 2060 743 huius

1122 749 1235 774 vilitatis
1250 749 1381 775 iudicium
1399 750 1542 782 ministris,
1556 750 1719 775 custodibus
1733 759 1782 776 seu
1801 751 1961 783 guardianis
1980 761 2060 786 prae-

1123 782 1214 814 dictis,
1237 783 1360 816 ipsorum
1383 792 1468 817 super
1488 785 1541 809 hoc
1566 785 1752 810 conscientias
1778 785 1929 817 onerando,
1951 786 2059 812 duxerit

1122 817 1363 849 committendum,
1386 822 1469 852 prout
1490 818 1517 843 in
1539 818 1666 844 eiusdem
1685 819 1837 844 Clementis
1858 820 1953 851 literis,
1975 829 2061 854 super

1121 851 1175 876 hoc
1193 851 1336 884 consectis,
1350 852 1459 885 plenius
1478 853 1644 884 continetur,
1657 853 1730 877 in‘ffi·
1749 853 1901 879 eorundem
1920 854 2059 880 ministro-

1121 893 1191 917 rum,
1210 886 1358 912 custodum
1377 895 1426 912 seu
1444 886 1661 920 guardianorum
1679 887 1781 912 eodem
1798 887 1882 912 modo
1901 888 2002 913 iudicio
2017 893 2061 914 est

1120 919 1259 946 relictum:
1282 920 1442 954 „nosque‘27
1460 921 1638 946 nihilominus
1657 921 1848 954 praefatorum
1861 922 2059 955 ministrorum,

1121 954 1271 979 custodum
1288 959 1316 980 et
1334 955 1550 988 guardianorum
1565 955 1667 980 iudicio
1686 956 1875 989 praesentium
1893 957 2058 983 auctoritate

1121 988 1329 1021 committimus,
1343 989 1529 1015 determinare
1548 989 1688 1021 videlicet,
1706 989 1833 1015 arbitrari
1851 994 1936 1023 atque
1953 992 2058 1024 praeci-

1120 1030 1196 1055 pere,
1214 1023 1291 1048 cuius
1313 1023 1496 1056 longitudinis
1514 1028 1542 1049 et
1563 1023 1726 1055 latitudinis,
1745 1024 1884 1056 grossitiei
1907 1029 1934 1050 et
1952 1026 2058 1051 subtili-

1120 1056 1194 1088 tatis,
1208 1057 1314 1083 formae
1332 1058 1391 1083 sive
1410 1057 1525 1090 figurae,
1539 1062 1624 1091 atque
1643 1058 1773 1083 similium
1791 1058 1976 1085 accidentium
1994 1068 2058 1085 esse

1120 1090 1243 1116 debeant
1260 1096 1315 1117 tam
1333 1091 1446 1117 habitus
1464 1092 1646 1125 ipsorumque
1659 1092 1771 1126 caputia
1785 1100 1868 1126 quam
1882 1093 2028 1119 interiores
2035 1094 2058 1111 ΕΒ

1120 1125 1237 1157 tunicae,
1261 1126 1361 1159 quibus
1384 1126 1484 1151 fratres
1506 1134 1604 1152 omnes
1626 1126 1779 1152 Minores2’9
1804 1126 1868 1152 dicti
1892 1127 1995 1153 ordinis
2019 1128 2057 1153 in-

1119 1158 1250 1191 duuntur,
1260 1168 1292 1185 ac
1303 1160 1417 1194 insuper
1427 1160 1503 1185 cuius
1519 1164 1698 1194 quantaeque
1709 1161 1821 1186 vilitatis
1835 1161 1911 1186 indui
1926 1170 1974 1187 eos
1988 1162 2058 1196 ipsis

1118 1193 1292 1219 vestimentis
1306 1199 1444 1228 oporteat,
1458 1199 1486 1220 et
1499 1203 1534 1220 an
1547 1195 1575 1220 in
1589 1195 1764 1220 vestimentis
1782 1195 1941 1221 huiusmodi
1959 1205 2056 1222 secun-

1119 1227 1185 1252 dum
1195 1228 1321 1261 regulam
1328 1232 1355 1254 et
1366 1228 1570 1254 declarationes
1581 1229 1734 1255 eorundem
1746 1230 1998 1262 praedecessorum
2008 1239 2056 1256 no-

1117 1266 1238 1287 strorum
1249 1266 1276 1287 et
1287 1262 1428 1296 praefatas
1439 1263 1544 1288 ordinis
1551 1263 1765 1289 constitutiones
1776 1264 1899 1289 reluceat
1909 1265 2056 1298 asperitas,

1117 1295 1207 1321 vilitas
1221 1301 1249 1322 et
1262 1302 1423 1330 paupertas,
1437 1302 1575 1329 utrumne,
1591 1302 1726 1331 quantum
1739 1298 1775 1323 ad
1793 1298 1954 1331 colorem³⁰,
1967 1299 2055 1324 vilita-

1117 1333 1182 1362 tem,
1196 1336 1392 1364 paupertatem
1410 1340 1533 1365 quoque,
1547 1340 1579 1357 ac
1597 1336 1691 1357 cetera
1708 1332 1863 1358 accidentia
1880 1341 1964 1367 supra
1982 1333 2056 1359 dicta

1116 1364 1216 1390 fratres
1240 1365 1414 1391 vestimentis
1440 1366 1598 1398 induantur,
1620 1370 1649 1391 ut
1671 1366 1806 1392 debent.“
1842 1367 1934 1401 Super
1954 1367 2055 1401 quibus

1116 1399 1271 1425 eorundem
1295 1400 1498 1432 ministrorum,
1524 1400 1672 1426 custodum
1696 1405 1723 1426 et
1748 1401 1965 1434 guardianorurn
1991 1410 2054 1427 con-

1115 1433 1245 1458 scientias
1258 1442 1416 1466 oneramus,
1426 1439 1582 1460 statuentes
1594 1440 1621 1460 et
1632 1435 1757 1460 districte
1768 1435 1967 1469 praecipiendo
1978 1445 2054 1462 man-

1116 1466 1224 1499 dantes,
1239 1468 1315 1501 quod
1329 1468 1356 1493 in
1374 1469 1524 1502 praedictis
1538 1474 1566 1494 et
1583 1469 1626 1494 his
1640 1469 1776 1494 similibus
1790 1478 1887 1495 eorum
1900 1470 2054 1503 arbitrium,

1116 1501 1379 1528 determinationem
1393 1503 1451 1528 sive
1465 1503 1606 1535 iudicium,
1617 1504 1756 1536 generalis
1771 1503 1885 1537 quidem
1892 1504 1914 1522 ³1
1927 1505 1955 1529 in
1968 1505 2053 1531 totius

1116 1535 1231 1568 ordinis,
1244 1537 1454 1569 provincialium
1467 1546 1533 1563 vero
1547 1537 1574 1562 in
1593 1537 1796 1570 provinciarum
1810 1538 2008 1571 ministrorum,
2021 1548 2054 1565 ac

1116 1570 1264 1596 custodum
1283 1575 1310 1596 et
1328 1572 1545 1604 guardianorum
1563 1572 1860 1604 administrationibus,
1874 1573 2008 1599 custodiis
2021 1582 2054 1599 ac

1115 1604 1296 1637 guardianiis,
1310 1606 1368 1631 sive
1390 1606 1582 1631 consimilibus
1602 1606 1706 1632 ordinis
1729 1607 1874 1632 memorati
1898 1608 2054 1633 commissis

1116 1638 1223 1664 eisdem
1245 1639 1345 1665 fratres
1368 1648 1465 1666 omnes
1488 1645 1516 1666 et
1533 1640 1634 1673 singuli
1652 1641 1732 1674 sequi
1755 1641 1924 1673 omnimode,
1943 1642 2053 1675 illisque

1113 1681 1213 1706 parere
1235 1682 1285 1707 per
1302 1675 1395 1700 omnia
1412 1679 1568 1700 teneantur.
1604 1675 1645 1700 Ac
1662 1675 1776 1708 insuper
1794 1675 1869 1708 quod
1888 1675 1996 1701 illorum
2010 1685 2053 1702 se-

1115 1707 1227 1740 quendo
1246 1708 1400 1741 arbitrium,
1419 1709 1682 1735 determinationem
1704 1710 1763 1735 sive
1784 1709 1924 1741 iudicium,
1943 1710 2053 1744 illisque

1114 1741 1248 1774 parendo,
1262 1750 1314 1768 nec
1331 1743 1395 1775 sint,
1408 1751 1460 1768 nec
1478 1743 1531 1768 dici
1550 1743 1659 1777 possint
1676 1744 1721 1769 vel
1741 1744 1872 1775 debeant,
1885 1752 1936 1770 nec
1953 1744 2005 1778 ipsi
2021 1753 2052 1771 se

1113 1776 1190 1809 ipsos
1204 1781 1349 1802 autument
1367 1785 1434 1803 suae
1452 1778 1566 1811 regulae
1583 1778 1627 1804 vel
1645 1778 1873 1803 constitutionum
1892 1779 1932 1804 sui
1947 1779 2052 1805 ordinis

1113 1814 1345 1843 transgressores,
1359 1812 1479 1837 maxime
1493 1820 1578 1845 quum
1595 1820 1647 1837 nec
1665 1820 1796 1845 expresse
1810 1813 1853 1838 vel
1867 1813 2051 1839 determinate

1112 1843 1139 1869 111
1162 1845 1306 1878 praedicta
1328 1845 1443 1871 fratrum
1464 1846 1605 1872 Minorum
1628 1846 1734 1871 dicatur
1752 1847 1849 1879 regula
1865 1847 1910 1872 vel
1928 1847 2052 1873 declara-

1112 1879 1234 1904 tionibus
1256 1884 1320 1905 ante
1343 1880 1434 1912 dictis,
1452 1885 1573 1914 quantae
1591 1880 1782 1913 longitudinis,
1801 1886 1922 1914 quantae
1930 1882 1970 1899 32¹*
1991 1882 2051 1907 lati-

1113 1913 1226 1945 tudinis,
1250 1919 1372 1947 quantae
1394 1915 1534 1947 grossitiei
1556 1915 1601 1940 vel
1626 1915 1795 1947 subtilitatis,
1820 1915 1909 1948 qualis
1935 1915 2051 1949 formae,

1113 1947 1238 1980 qualisve
1258 1948 1365 1981 figurae
1386 1949 1546 1974 huiusmodi
1568 1949 1691 1975 debeant
1708 1957 1772 1974 esse
1789 1954 1893 1981 vestes,
1911 1950 1982 1975 sicut
1999 1959 2052 1976 nec

1112 1981 1201 2014 qualis
1220 1987 1398 2016 quantaeque
1416 1983 1528 2008 vilitatis
1542 1991 1590 2008 eas
1608 1991 1672 2008 esse
1690 1988 1830 2016 oporteat,
1844 1984 2006 2017 exprimitur
2024 1985 2052 2010 in

1112 2015 1226 2040 eadem:
1252 2016 1348 2049 sicque
1368 2017 1588 2050 quodammodo,
1611 2017 1711 2043 eadem
1734 2022 1850 2050 urgente
1873 2019 2050 2051 necessitate,

1111 2050 1253 2082 aequitate
1266 2059 1321 2075 non
1332 2051 1440 2084 impari,
1453 2059 1519 2076 vero
1534 2059 1627 2083 sensu,
1638 2059 1703 2076 vero
1711 2051 1750 2069 33*
1764 2051 1792 2076 id
1805 2052 1919 2084 regulae
1931 2053 2049 2078 suaden-

1111 2083 1185 2108 tibus
1212 2084 1363 2115 intellectu,
1389 2085 1516 2110 eiusdem
1542 2085 1692 2111 Clementis
1715 2085 1893 2111 inhaerentes
1915 2087 2050 2120 vestigiis,

1132 2117 1301 2144 raefatorum
1326 2119 1524 2151 ministrorum,
1550 2119 1698 2145 custodum
1723 2125 1751 2145 et
1779 2120 1996 2153 guardianorum
2022 2121 2050 2146 111

1110 2152 1262 2185 praedictis
1275 2153 1432 2186 horumque
1445 2154 1580 2179 similibus
1594 2153 1654 2179 fore
1668 2154 1808 2186 iudicium,
1819 2154 1961 2180 declarare
1974 2163 2048 2181 com—

1111 2186 1248 2219 pellimur,
1266 2187 1369 2220 illaque
1387 2188 1427 2213 eis
1445 2189 1485 2220 (ut
1504 2188 1683 2221 praedicitur)
1699 2188 1874 2214 committere
1891 2189 2048 2215 invitamur.

1110 2221 1173 2245 Non
1191 2221 1265 2246 enim
1283 2222 1488 2254 particularium
1508 2222 1631 2248 omnium
1649 2227 1725 2248 certa
1742 2228 1836 2256 potest
1850 2223 1909 2248 dari
1923 2224 2048 2256 scientia,

1110 2263 1202 2288 neque
1214 2263 1321 2287 eorum,
1333 2256 1429 2289 (quum
1443 2256 1548 2282 infinita
1562 2257 1636 2289 sint‚)
1648 2257 1783 2289 contingit
1794 2257 1851 2283 fieri
1863 2257 2048 2291 disciplinam,

1110 2297 1166 2314 non
1183 2298 1238 2321 ars,
1256 2298 1312 2315 non
1330 2291 1427 2323 regula
1445 2291 1664 2316 circumstantias
1684 2291 1817 2324 singulas,
1835 2292 2048 2325 accidentiaque

1110 2328 1209 2348 cuncta
1222 2324 1424 2357 complectitur.
1460 2325 1573 2351 Habent
1587 2325 1613 2350 in
1632 2325 1684 2350 illis
1698 2326 1819 2351 minores
1833 2326 1984 2351 maioribus
1998 2327 2047 2352 ob-

1110 2358 1219 2390 sequi³4
1227 2361 1246 2389 *,
1258 2358 1367 2392 illisque
1378 2359 1532 2391 intendere,
1544 2368 1599 2385 non
1611 2360 1636 2384 in
1648 2360 1730 2385 certis
1744 2361 1844 2391 solum,
1855 2368 1951 2385 verum
1962 2361 2047 2386 etiam

1110 2391 1136 2416 in
1148 2391 1250 2424 dubiis,
1262 2397 1289 2418 et
1300 2393 1327 2417 in
1338 2393 1420 2419 certis
1432 2398 1564 2427 praesunt
1575 2394 1690 2425 artibus,
1702 2394 1802 2427 quibus
1814 2394 1956 2426 obediant,
1968 2403 2046 2428 prae-

1108 2431 1172 2451 sunt
1185 2427 1288 2459 regulis
1302 2427 1427 2460 singulis,
1442 2428 1544 2460 quibus
1557 2428 1753 2461 obtemperent
1771 2428 1932 2461 disciplinis,
1947 2434 1975 2454 ut
1990 2429 2046 2454 illa-

1109 2468 1169 2485 rum
1186 2460 1248 2486 finis
1266 2462 1397 2494 egregius
1416 2461 1518 2488 debitis
1536 2462 1752 2495 obsequentium
1769 2463 1930 2488 ministeriis
1949 2463 2046 2489 subse-

1109 2500 1218 2528 quatur.
1244 2495 1288 2520 Sic
1299 2496 1424 2521 iudicans
1435 2501 1535 2521 cuncta
1545 2497 1659 2522 rimatur
1671 2502 1699 2522 et
1712 2497 1834 2528 discutit,
1845 2497 1923 2529 leges
1935 2497 2045 2523 casibus

1107 2529 1238 2562 applicat,
1253 2537 1389 2556 canonum
1403 2530 1517 2556 decreta
1535 2531 1663 2556 secernit.
1700 2530 1745 2556 Sic
1757 2531 1863 2556 morbis
1876 2536 2045 2564 aggravatus

1107 2563 1256 2595 medicum,
1271 2564 1310 2589 sic
1326 2564 1423 2596 virtus,
1437 2570 1568 2590 constans
1586 2565 1613 2590 in
1630 2564 1734 2596 medio,
1750 2565 1905 2598 sapientem
1924 2566 2046 2599 pruden-

1107 2601 1221 2630 temque
1244 2598 1385 2631 deposcit:
1409 2607 1453 2631 ne,
1472 2599 1494 2624 si
1513 2599 1632 2632 quisque
1654 2604 1776 2631 regatur,
1794 2604 1823 2624 ut
1844 2600 1961 2633 appetit,
1979 2608 2045 2625 con-

1107 2631 1201 2657 festim
1220 2637 1338 2664 corruat,
1357 2637 1386 2658 ut
1403 2641 1458 2659 non
1478 2633 1595 2666 quaerit,
1612 2641 1705 2666 neque
1724 2633 1815 2659 taliter
1833 2633 2047 2660 conviventibus

1106 2673 1162 2691 non
1176 2666 1255 2699 ordo,
1269 2667 1319 2692 sed
1332 2667 1431 2692 horror
1445 2668 1590 2699 inhabitet,
1603 2667 1676 2692 adsit
1694 2667 1782 2701 (quod
1796 2667 1879 2700 absit)
1894 2667 2043 2701 discordia,

1106 2700 1228 2733 religans
1239 2701 1336 2733 religio
1348 2702 1526 2735 relegetursss’.
1556 2701 1718 2727 Sententiae
1732 2710 1852 2734 namque
1863 2702 2004 2727 variantur
2015 2708 2044 2728 ut

1106 2735 1207 2768 capita,
1221 2740 1249 2760 et
1262 2735 1361 2761 crescit
1379 2736 1406 2761 in
1425 2736 1534 2761 stolidis
1548 2735 1724 2769 opinionibus
1740 2736 1896 2769 phantasia.
1933 2737 2042 2763 Eodem

1105 2768 1190 2794 modo
1213 2769 1379 2803 eisdemque
1404 2769 1614 2803 quodammodo
1636 2769 1788 2795 rationibus
1810 2770 1929 2796 invitati:
1956 2779 2042 2804 quum

1104 2803 1295 2836 praefatorum
1312 2804 1500 2829 ministrorum
1513 2804 1604 2830 vel-'⁵⁴³‘
1622 2803 1769 2829 custodum
1787 2804 1839 2830 sub
1857 2809 1932 2830 certa
1945 2804 2044 2838 forma,

1102 2921 1179 2939 supra:
1195 2914 1230 2934 AB
1291 2916 1323 2935 26)
1335 2916 1369 2934 in:
1384 2914 1452 2934 Arcst:
1466 2914 1526 2934 Amr
1584 2915 1617 2935 Ξῖ)
1628 2921 1667 2934 uos
1677 2916 1742 2939 quin:
1757 2915 1796 2934 ΛΜ
1853 2917 1886 2935 28)
1897 2917 2041 2936 interiorum:

1102 2941 1143 2960 JtJ!
1180 2941 1214 2960 2¹93
1225 2942 1348 2960 Minoi-um:
1364 2940 1413 2961 AM.-
1428 2941 1532 2959 Miuoris:
1549 2941 1566 2959 II
1605 2942 1638 2960 31))
1650 2940 1711 2960 add„-
1726 2942 1833 2965 pretium:
1848 2941 1889 2961 m!
1922 2942 1957 2966 31)
1967 2943 2040 2967 quida

1102 2967 1171 2986 dccxl:
1185 2967 1223 2986 ,1,11
1275 2968 1308 2987 323)
1318 2969 1468 2990 quantaeque:
1484 2966 1541 2985 ΑΒΜ
1584 2967 1617 2991 33)
1628 2973 1736 2991 veruque:
1751 2967 1810 2986 ,wil
1852 2969 1885 2993 31)
1896 2969 1999 2988 subesse:
2014 2969 2043 2988 ib.

1102 2993 1135 3017 35)
1147 2993 1263 3017 religetur:
1278 2992 1293 3011 A
1346 2994 1380 3015 ³6)
1391 2995 1423 3011 et:
1438 2991 1496 3011 AM!

1706 3051 1761 3077 Π*
