2243 3288
124 256 190 283 1009

127 333 204 368 gravi
226 331 333 358 offensa
356 331 495 357 Christikk
517 331 577 358 eius
603 332 765 366 iniquitates
790 331 909 366 amplius
935 331 1064 365 tolerare,

127 368 252 401 cogimur
268 370 386 399 urgente
403 374 454 392 nos
473 367 653 399 conscientia,
677 366 773 393 iuste¹¹
791 366 1015 392 animadvertere
1038 367 1064 392 in

128 402 256 428 eundem.
287 401 382 433 Etmffl,
396 405 426 426 ut
438 401 474 426 ad
488 409 622 435 praesens
638 402 673 427 de
687 401 786 427 ceteris
801 401 860 427 eius
875 401 1028 427 sceleribus
1036 407 1064 419 ¹¹¹¹

126 440 404 469 taceamus,quatu0r
413 436 588 468 gravissima,
602 444 675 470 quae
685 436 761 461 nulla
770 439 888 469 possunt
899 436 1065 469 tergiversa-

127 471 203 496 tione
225 470 318 502 celari,
340 470 489 495 commisit.
530 470 674 496 Deieravit
696 471 770 496 enim
791 470 943 502 multoties,
966 479 1065 504 pacem

127 504 270 538 quondam
287 504 360 530 inter
377 505 526 530 ecclesiam
544 509 571 530 et
594 505 741 539 imperium
758 504 941 530 reformatam
959 510 1065 531 temere

123 538 255 565 violando
263 543 300 564 00.
350 539 394 572 (Et
419 538 516 573 infr-w)
546 539 756 573 Perpetravitpp
781 538 974 573 sacrilegium,
1003 540 1064 574 capi

124 644 230 676 speciale
246 652 319 675 super
335 643 382 668 hoc
399 645 431 668 ab
448 645 502 676 ipso
519 645 664 668 mandatum
680 644 810 673 habentes,
836 645 984 676 praestiterit
1002 645 1064 668 iura-

125 682 234 702 mentum
240 687 246 707 ;
264 682 319 710 post
334 679 434 702 modum
448 683 537 708 tamen,
555 680 621 711 quod
639 680 759 702 iuraverat
772 687 822 702 non
836 679 954 710 implevit.
987 680 1064 709 Quin-

124 713 174 736 imo
203 721 231 737 ea
260 713 395 737 intentione
424 714 505 745 ipsum
533 714 682 745 praestitisse
706 714 870 737 iuramentum
904 715 1065 745 probabiliter

124 748 241 777 creditur,
262 748 323 771 sicut
337 756 366 771 ex
383 748 453 771 factis
470 749 627 780 sequentibus
645 748 768 779 colligitur
785 748 921 777 evidenter,
942 753 966 772 ut
985 749 1064 772 eidem

124 782 248 811 ecclesiae,
274 790 303 806 ac
320 783 391 806 nobis
409 783 522 806 illuderet
540 783 628 814 potius,
650 791 724 814 quam
741 788 849 814 pareret;
871 791 947 814 quum
960 791 1024 807 anno
1042 788 1064 806 et

124 817 230 848 amplius
243 817 292 840 iam
305 818 396 848 elapso,
413 825 458 840 nec
468 817 499 840 ad
513 818 588 848 ipsius
603 818 720 841 ecclesiae
737 818 859 848 gremium
872 818 979 841 revocari
994 822 1064 849 potu-

124 852 180 880 erit,
202 859 246 875 nec
264 851 311 875 sibi
328 852 358 875 de
381 852 455 875 illatis
472 852 494 875 ei
514 852 611 875 damnis
627 857 650 875 et
669 852 762 875 iniuriis
780 852 898 875 curaverit
916 852 1061 881 satisfacere,

124 886 180 909 licet
197 894 270 917 super
286 886 333 910 hoc
351 886 468 910 exstiterit
488 887 630 917 requisitus:
655 885 718 918 orig).
790 885 816 918 ii)
835 886 906 910 adds
929 895 975 910 nec
991 888 1065 910 etiam

124 921 244 944 valentes:
264 919 295 944 ἰῖ).
340 919 386 952 kk)
402 921 457 944 Iesu
472 921 563 944 Chn‘sti
577 940 582 944 .
600 941 604 945 .
623 941 627 944 .
645 921 703 952 iniq.
721 925 744 944 et
758 921 860 945 scelera:
879 920 910 945 2'I1.
947 921 974 951 ll)
993 922 1066 945 iuste:

125 954 204 979 deest:
221 953 252 978 ih.
290 954 351 986 mm)
366 955 410 978 Et:
429 955 509 979 deest:
528 953 581 985 Idf.
618 954 661 986 nn)
676 955 749 979 adds
769 960 791 979 et
806 956 987 987 iniquitatibus:
1001 955 1064 987 01'1'51.

124 989 165 1021 oo)
179 990 293 1013 violavit:
311 989 374 1021 orig).
403 990 485 1018 Quum
498 990 572 1014 nulla
586 989 767 1016 desiderentur,
787 989 875 1014 verba:
900 991 930 1014 Et
950 991 1011 1014 infra
1024 990 1065 1013 ‹Ic-

124 1023 200 1048 lenda
213 1027 281 1048 sunl.
334 1023 379 1055 pp)
398 1023 470 1048 adds
490 1025 576 1048 etiam:
595 1024 633 1049 Irl.
649 1024 713 1056 url'q.
767 1024 810 1056 qq)
829 1028 851 1048 et
864 1024 910 1048 hoc
923 1025 979 1048 loco
992 1025 1066 1048 nulla

124 1058 229 1088 desitum
251 1063 274 1082 et
288 1058 350 1082 infra
368 1057 453 1091 itaque
466 1058 513 1083 del.
529 1062 572 1083 est.
626 1058 659 1090 rr)
676 1059 723 1083 hoc
740 1059 796 1083 loco
814 1063 836 1083 cl
854 1059 877 1083 in
898 1059 1006 1091 Compz'l.
1025 1059 1064 1083 de-

123 1092 271 1117 sidet-antur
284 1100 350 1125 quae
362 1096 518 1125 sequuntur.-
543 1094 615 1118 Plura
632 1094 754 1125 siquidem
771 1102 826 1117 eurn
843 1095 994 1118 commisisse
1012 1102 1065 1125 per-

124 1128 192 1157 iuria,
207 1128 266 1151 satis
278 1132 358 1159 patet;
368 1136 425 1151 nam
436 1129 495 1151 olim
506 1137 581 1160 quum
592 1129 616 1152 in
628 1129 726 1152 Siciliae
737 1129 846 1160 partibus
857 1129 1062 1157 commorabatur,

124 1163 267 1194 priusquam
289 1166 351 1186 esset
368 1163 399 1186 ad
422 1163 517 1194 imperii
539 1163 685 1194 dignitatem
702 1163 793 1186 electus
810 1171 892 1186 coram
915 1164 994 1187 bonae
1015 1172 1064 1186 me-

125 1197 217 1221 moriae
239 1198 262 1221 G
264 1216 361 1221 .....
388 1197 472 1221 Sancti
495 1198 620 1221 Theodori
642 1198 747 1221 diacono
769 1198 886 1221 cardinali
906 1198 1065 1229 Apostolicae

125 1232 197 1256 Sedis
213 1232 306 1263 legato,
332 1232 409 1255 felicis
426 1233 602 1256 recordationis
621 1233 766 1255 Innocentio
785 1233 867 1263 Papae
884 1233 1065 1264 praedecessori

124 1271 208 1291 nostro
221 1270 244 1290 et
258 1267 437 1290 successoribus
450 1267 509 1296 eius,
530 1267 696 1298 ecclesiaeque
711 1267 838 1290 Romanae
851 1275 896 1298 pro
909 1268 1066 1291 concessione

125 1302 193 1332 regni
207 1302 306 1325 Siciliae
318 1302 350 1325 ab
363 1301 450 1325 eadem
465 1302 569 1325 ecclesia
585 1302 630 1325 sibi
645 1301 716 1327 facta,
733 1301 858 1324 fidelitatis
869 1302 989 1333 praestitit
1002 1302 1064 1325 iura-

125 1340 243 1365 mentum,
264 1340 288 1360 et
301 1336 362 1360 sicut
375 1336 471 1365 dicitnr,
493 1336 554 1360 illud
567 1337 644 1364 idem,
666 1340 797 1368 postquam
815 1336 845 1359 ad
863 1337 967 1360 eandem
985 1336 1065 1366 digni>

125 1374 201 1394 tatem
214 1371 306 1394 electus
319 1371 417 1399 exstitit,
439 1374 462 1394 et
479 1371 545 1394 venit
563 1371 594 1394 ad
611 1371 698 1394 urbem
711 1379 793 1394 coram
807 1371 894 1394 eodem
909 1371 1061 1399 Innocentio,

124 1406 223 1437 suisque
239 1405 354 1429 fratribus
371 1405 546 1434 cardinalibus,
568 1410 591 1429 et
608 1406 662 1429 aliis
679 1405 762 1428 multis
779 1406 959 1436 praesentibus,
980 1405 1065 1436 lig-ium

125 1440 269 1471 homagium
290 1440 315 1463 in
332 1440 383 1463 eius
401 1439 492 1463 faciens
510 1440 630 1469 manibus,
657 1440 790 1463 innovavit.
831 1440 929 1463 Deinde
947 1448 1023 1471 quum
1041 1440 1064 1462 in

126 1475 275 1498 Alemannia
292 1478 354 1498 esset
372 1474 453 1498 eidem
472 1475 617 1498 Innocentio
636 1475 717 1506 Papae
734 1479 768 1503 et,
790 1475 844 1505 ipso
861 1475 983 1503 defuncto,
1004 1475 1061 1497 bon.

125 1517 198 1533 mem.
240 1510 354 1533 Honorio
369 1509 452 1540 Papae
468 1510 648 1540 praedecessori
662 1513 754 1537 nostro,
774 1514 797 1532 et
811 1509 862 1532 eius
875 1509 1061 1538 successoribus,

107 1549 153 1568 'ac
174 1544 221 1575 ipsi
243 1544 360 1568 ecclesiae
383 1544 511 1567 Romanae
533 1544 701 1575 praesentibus
727 1544 823 1574 imperii
850 1544 1013 1575 principibus,
1038 1551 1066 1567 ac

125 1579 258 1607 nobilibus,
279 1579 366 1602 iuravit
384 1578 497 1607 honores,
518 1579 571 1602 iura
588 1583 610 1602 et
628 1578 794 1610 possessiones
809 1579 936 1601 Romanae
949 1578 1066 1602 ecclesiae

126 1622 171 1645 pro
183 1621 256 1645 posse
268 1622 312 1637 suo
325 1621 420 1636 servare
434 1621 462 1636 ac
475 1617 602 1644 protegere
615 1613 681 1636 bona
694 1613 755 1641 fide;
776 1617 800 1636 et
813 1613 880 1644 qnod
897 1620 1066 1644 quaecumque

125 1649 157 1672 ad
174 1656 261 1672 manus
277 1656 333 1671 suas
353 1648 508 1677 devenirent,
529 1648 581 1671 sine
602 1648 745 1671 difficultate
767 1648 892 1670 restituere
914 1651 1062 1678 procuraret,

124 1683 258 1706 nominatis
274 1690 387 1714 expresse
404 1682 475 1705 dictis
496 1683 689 1713 possessionibus
710 1683 734 1705 in
757 1682 896 1705 huiusmodi
918 1683 1062 1710 iuramento,

126 1718 193 1748 quod
206 1718 366 1749 postmodum
376 1717 537 1745 confirmavit,
555 1725 671 1740 coronam
683 1717 779 1747 imperii
793 1717 842 1739 iam
852 1717 964 1747 adeptus,
978 1717 1065 1740 horum

125 1753 200 1776 trium
213 1753 405 1776 iuramentorum
418 1752 560 1775 temerarius
572 1752 663 1775 exstitit
673 1751 786 1779 violator,
800 1755 822 1774 et
833 1756 1002 1782 transgressor,
1017 1759 1066 1774 non

126 1787 177 1810 sine
199 1787 345 1818 proditionis
362 1791 431 1814 nota,
457 1790 480 1809 et
503 1787 582 1809 laesae
600 1786 700 1809 crimine
718 1786 857 1809 maiestatis.
898 1786 964 1809 Nam
982 1791 1067 1810 contra

126 1821 263 1853 praefatum
281 1821 493 1853 praedecessorem
507 1826 616 1844 nostrum
631 1821 785 1851 Gregorium,
806 1825 829 1844 et
848 1820 932 1843 fratres
945 1829 1001 1843 suos
1015 1829 1065 1844 car-

125 1857 219 1880 dinales
232 1856 432 1879 commonitorias
450 1855 531 1879 literas
549 1856 640 1878 eisdem
658 1855 772 1878 fratribus
782 1855 911 1883 destinare,
932 1863 960 1878 ac
973 1855 1066 1878 dictum

127 1891 274 1922 Gregorium
288 1891 354 1922 apud
372 1890 457 1913 fratres
474 1891 547 1921 ipsos,
569 1891 629 1913 sicut
648 1894 749 1921 apparet
767 1898 810 1920 per
832 1890 913 1913 literas
930 1890 962 1912 ab
978 1890 1065 1913 eodem

126 1930 183 1949 tunc
206 1926 310 1949 directas
331 1925 435 1952 eisdem,
460 1929 483 1948 et
506 1925 580 1948 etiam
601 1930 672 1956 prout
690 1924 774 1952 fertur,
800 1932 844 1955 per
860 1924 1000 1948 universum
1018 1925 1066 1948 sere

126 1961 211 1983 orbem
224 1964 343 1983 terrarum
356 1959 524 1990 multiplieiter
534 1959 660 1982 diffamare
671 1959 846 1990 praesumpsit3
862 1967 890 1982 ac
901 1959 1066 1982 venerabilem

126 1995 224 2018 fratrem
249 1999 360 2018 nostrum
386 1994 511 2017 Othonem
538 1994 696 2017 Portuensem
727 1997 783 2017 tunc
808 1993 892 2017 Sancti
918 1994 1017 2017 Nicolai
1042 1994 1065 2016 in

126 2030 230 2053 Carcere
252 2029 368 2052 Tulliano
389 2029 522 2051 diaconum
543 2029 699 2057 cardinalem,
725 2033 747 2051 et
771 2028 828 2051 bon.
853 2036 924 2051 inem.
947 2029 1065 2051 Iacobum

127 2064 312 2088 Praenestinum
333 2063 477 2094 episcopum
501 2063 660 2094 Apostolicae
683 2063 754 2086 Sedis
776 2063 881 2093 legatos,
910 2063 1014 2091 nobilia,
1043 2068 1066 2086 et

127 2107 217 2129 magna
234 2098 351 2122 ecclesiae
366 2099 494 2121 Romanae
508 2098 618 2121 membra
636 2097 796 2129 personaliter
809 2097 863 2128 capi
878 2097 940 2126 fecit,
958 2101 981 2120 ct
995 2098 1066 2121 bonis

126 2134 241 2157 omnibus
257 2133 387 2164 spoliatos,
409 2140 436 2155 ac
455 2140 497 2163 per
514 2133 609 2156 diversa
626 2133 680 2155 loca
694 2140 743 2155 non
756 2132 832 2155 semel
846 2132 1011 2162 ignominioso
1024 2132 1065 2155 de-

126 2169 212 2192 ductos
225 2172 248 2191 et
262 2168 448 2195 circumductos,
466 2167 602 2190 carceribus
614 2167 754 2197 mancipari,
785 2166 943 2196 Privilegium
957 2167 1062 2197 insuper,

126 2203 192 2234 quod
208 2203 234 2226 B.
254 2203 333 2231 Petro,
350 2206 373 2225 et
387 2202 566 2225 successoribus·
579 2202 630 2225 eius
644 2202 666 2224 in
680 2202 734 2232 ipso
747 2201 847 2224 tradidit
862 2201 984 2224 Dominus
999 2202 1067 2225 Iesus

126 2238 245 2266 Christus,
267 2237 392 2260 videlicet:
415 2237 595 2267 Quodcumque
610 2236 723 2266 ligaveris
736 2240 921 2267 superterram,
944 2236 987 2259 erit
1006 2236 1065 2266 liga-

126 2276 179 2296 tum
192 2277 215 2295 et
229 2273 252 2295 in
267 2272 348 2299 caelis,
365 2276 388 2294 et
402 2271 575 2303 quodcumque
589 2271 689 2294 solveris
702 2278 775 2301 super
787 2275 884 2298 terram,
901 2270 945 2293 erit
959 2270 1065 2294 solutum

126 2311 149 2330 et
163 2307 187 2330 in
205 2307 290 2335 caelis,
312 2307 337 2329 in
354 2314 403 2337 quo
416 2306 547 2329 auctoritas
564 2310 587 2329 et
606 2310 713 2336 potestas
728 2306 855 2328 Romanae
872 2305 990 2328 ecclesiae
1008 2313 1064 2328 con-

126 2342 200 2370 sistit,
226 2350 270 2372 pro
292 2341 384 2364 viribus
410 2340 557 2368 diminuere,
584 2340 621 2363 vel
644 2340 690 2371 ipsi
712 2339 829 2363 ecelesiae
851 2339 944 2362 auferre
966 2340 1062 2370 satagit,

126 2377 234 2400 scribens
247 2384 272 2399 se
289 2375 390 2407 praefati
405 2375 517 2405 Gregorii
533 2375 614 2406 Papae
632 2374 824 2406 praedecessoris
838 2374 914 2397 nostri
927 2382 975 2397 non
989 2374 1066 2397 vereri

126 2411 202 2434 latam
215 2411 246 2434 ab
260 2418 288 2434 eo
302 2410 562 2433 excommunicationis
575 2410 721 2433 sententiam
734 2409 758 2431 in
772 2409 864 2440 ipsum;
883 2413 905 2431 et
923 2416 971 2431 non
986 2409 1065 2432 solum

125 2445 273 2476 contemptis
291 2445 400 2468 clavibus
417 2444 533 2468 ecclesiae
551 2452 598 2467 non
612 2444 765 2471 servandam,
785 2451 869 2466 verum
883 2443 956 2466 etiam
974 2451 1062 2474 perse,

126 2489 154 2504 ac
168 2480 284 2503 officiales
297 2488 361 2508 suos,
382 2483 405 2502 et
419 2479 487 2502 illam
501 2483 523 2502 et
537 2479 597 2502 alias
611 2478 870 2502 excommunicationis
887 2478 925 2500 vel
944 2478 1065 2501 interdicti

125 2515 264 2543 sententias,
282 2522 342 2546 quas
355 2514 420 2537 idem
434 2514 535 2536 omnino
548 2513 702 2544 contempsit,
724 2513 835 2543 cogendo
853 2516 876 2535 et
894 2512 1065 2543 compellendo

125 2550 187 2573 alios
209 2558 257 2573 non
275 2557 378 2572 servare.
420 2548 588 2571 Possessiones
610 2556 708 2579 quoque
730 2547 853 2578 praefatae
875 2547 992 2570 ecclesiae
1015 2547 1064 2570 Ro-

126 2592 221 2613 manae,
243 2584 364 2612 videlicet,
382 2583 528 2611 Marchiam,
545 2583 660 2606 ducatum
676 2583 884 2610 Beneventanum,
902 2581 969 2605 cuius
984 2589 1065 2605 muros

126 2624 150 2642 et
162 2624 240 2643 turres
252 2619 315 2642 dirui
329 2618 392 2646 fecit,
413 2626 441 2641 ac
455 2617 522 2646 alias,
540 2625 600 2648 quas
614 2617 638 2640 in
651 2617 756 2640 Tusciae
769 2621 791 2640 et
807 2616 972 2639 Lonibardiae
990 2617 1063 2647 parti-

125 2654 177 2683 bus,
195 2658 217 2677 et
231 2653 378 2685 quibusdam
389 2653 443 2675 aliis
453 2652 561 2675 obtineat
576 2652 642 2680 locis,
660 2652 743 2683 paucis
754 2651 868 2681 exceptis,
886 2658 1005 2681 occupare
1015 2659 1064 2674 non

125 2694 247 2717 metuens,
273 2696 314 2711 eas
335 2687 427 2710 detinet
450 2687 529 2710 adhuc
547 2691 686 2717 occupatas,
727 2686 759 2709 Et
777 2690 894 2716 tanquam
911 2685 931 2708 ei
950 2693 998 2708 non
1016 2685 1063 2709 sus-

125 2723 218 2752 ficeret,
244 2723 310 2754 quod
329 2721 456 2745 manifeste
473 2726 557 2744 contra
574 2721 709 2744 iuramenta
731 2721 864 2751 praemissa
886 2720 1064 2751 praesumendo

125 2757 184 2781 talia
196 2758 317 2786 veniebat,
338 2765 381 2788 per
394 2764 426 2785 se,
449 2757 487 2779 vel
500 2764 543 2787 per
555 2763 611 2779 suos
625 2755 752 2784 officiales,
773 2754 915 2778 eammdetn
931 2755 1063 2785 possessio-

125 2800 184 2816 num
200 2792 313 2815 homines
326 2792 434 2815 deierare
452 2790 578 2821 compulit,
595 2790 661 2821 ipsos
674 2798 688 2813 a
701 2789 843 2813 iuramentis
860 2789 993 2818 fidelitatis,
1011 2789 1062 2820 qui-

125 2827 170 2850 bus
179 2827 326 2850 tenebantur
339 2826 432 2849 ratione
442 2825 566 2854 eeclesiae,
583 2825 614 2848 de
627 2824 698 2853 facte,
718 2832 794 2856 quum
803 2824 834 2847 de
847 2824 898 2847 iure
911 2832 960 2847 non
970 2828 1059 2855 posset,

125 2861 262 2890 absolvens,
283 2865 306 2885 et
320 2861 410 2884 faciens
423 2860 523 2884 eosdem
536 2859 680 2883 fidelitatem
693 2859 852 2882 nihilominus
865 2858 977 2882 abiurare
994 2866 1062 2889 prae-

125 2895 228 2925 dictam,
253 2896 349 2927 sibique
366 2895 490 2918 fidelitatis
511 2894 650 2918 huiusmodi
669 2894 805 2917 iuramenta
821 2897 952 2925 praestare.
993 2893 1063 2917 Pacis

125 2938 182 2954 vero
195 2931 276 2962 ipsum
286 2930 430 2954 violatorem
441 2929 555 2953 exsistere
567 2929 640 2960 plane
654 2933 760 2952 constat:
773 2928 830 2960 quia
840 2935 915 2959 quum
929 2927 989 2951 olim
1001 2932 1062 2951 tem-

125 2972 184 2996 pore
205 2965 272 2997 pacis
294 2965 356 2988 inter
377 2965 469 2996 ipsum,
495 2968 518 2988 et
539 2963 668 2987 ecclesiam
689 2963 835 2987 reformatae
857 2962 958 2986 iurasset
980 2970 1062 2986 coram

124 2999 205 3024 bonae
226 3007 299 3024 mem.
320 3000 341 3024 Ι.
359 3018 364 3024 .
380 3017 386 3024 .
404 3018 410 3024 .
431 3000 463 3023 de
484 2998 615 3023 abbatibus
632 2997 710 3028 Villa,
736 2997 853 3030 episcopo
871 2997 1013 3028 Sabinensi,
1039 3001 1063 3021 et

176 3111 229 3130 Tit.
242 3111 300 3132 XIV.
329 3111 390 3135 Cap.
404 3111 433 3131 11.
460 3111 481 3136 9)
491 3112 561 3130 nost.:
576 3109 644 3130 deest:
658 3107 764 3129 ABODEF

202 3154 287 3180 Corpus
301 3155 344 3174 iur.
359 3160 409 3174 cau.
436 3153 475 3174 Ed.
485 3153 604 3179 Frrech-q.
631 3154 657 3173 Τ,
668 3153 697 3172 11.

840 3108 872 3134 10)
883 3109 937 3129 hoc:
953 3107 1050 3134 DFG'Iaf.

386 254 495 281 SEXTI
514 253 724 280 DECRETAL.
744 253 809 280 LIB.
828 254 860 280 ΙΙ.
878 253 949 280 TIT.
968 253 1042 280 XIV.
1062 254 1112 280 DF.
1132 254 1341 281 SENTENTIA
1360 255 1409 281 ET
1427 255 1477 281 RE
1495 254 1686 282 IUDICATA.
1707 263 1730 281 c.
1750 261 1773 281 2.

1972 252 2040 279 1010

1100 332 1205 359 faciens
1227 333 1383 360 cardinales
1406 338 1520 360 sanctae
1537 333 1681 360 Romanae
1703 332 1850 365 ecclesiae,
1872 339 1904 358 ac
1922 331 2038 357 aliarum

1100 368 1281 394 ecclesiarum
1303 369 1444 402 praelatos
1466 373 1495 394 et
1515 369 1631 394 clericos
1653 368 1801 402 religiosos
1819 372 1847 393 et
1869 366 2036 398 saeculares,

1100 403 1243 428 venientes
1261 403 1298 428 ad
1315 403 1472 435 concilium,
1496 403 1571 437 quod
1593 403 1668 429 idem
1687 402 1891 436 praedecessor
1907 400 2038 426 nosterf’*

1101 436 1217 462 duxerat
1231 438 1442 463 convocandum
1449 443 1487 463 (Ν.
1511 438 1555 471 (El
1566 437 1661 470 inst-w)
1676 438 1719 462 De
1730 436 1840 462 haeresi
1855 444 1968 470 quoque
1981 443 2037 460 non

1100 471 1192 497 dubiis
1206 476 1234 498 et
1250 472 1369 504 levibus,
1387 472 1438 498 sed
1452 471 1613 498 difficilibus
1627 477 1655 498 et
1668 471 1846 497 evidentibus
1864 469 2036 503 argumentis

1100 511 1247 539 suspectus
1272 507 1426 532 habeturrr.
1467 507 1511 540 (Et
1536 506 1632 539 infr-m)
1658 507 1771 532 Praeter
1795 505 1895 531 haec¹⁰
1919 512 2038 538 regnum

1100 540 1218 573 Siciliae,
1238 541 1313 575 quod
1328 546 1370 567 est
1384 541 1506 575 speciale
1519 541 1717 575 patrimonium
1729 541 1761 566 B.
1774 540 1856 572 Petri,
1875 540 1948 565 etll*
1961 539 2038 564 idem

1101 646 1217 676 magistro
1231 645 1365 669 Thomasio
1379 649 1436 669 tunc
1453 646 1570 677 temporis
1584 646 1609 669 S.
1627 646 1734 669 Sabinae
1751 645 1892 677 presbytero
1910 643 2034 672 cardinali,

1100 681 1268 711 praesentibus
1282 689 1337 704 cum
1354 681 1438 704 multis
1454 681 1508 704 aliis
1526 680 1651 711 praelatis,
1673 680 1831 711 principibus,
1853 684 1877 703 et
1894 679 2034 706 baronibus,

1100 715 1166 745 quod
1189 719 1273 743 staret,
1300 719 1323 738 et
1345 719 1440 746 pareret
1462 715 1570 746 praecise
1587 715 1679 745 absque
1700 715 1751 738 ulla
1768 715 1908 738 conditione
1925 713 2039 736 omnibus

1100 749 1222 773 mandatis
1239 750 1356 773 ecclesiae
1373 757 1445 780 super
1462 749 1511 778 his,
1533 758 1577 780 pro
1591 749 1679 780 quibus
1692 754 1743 772 erat
1756 749 1853 772 vinculo
1871 747 2038 772 excommuni<

1101 784 1203 807 cationis
1215 785 1339 813 astrictus,
1361 784 1439 807 causis
1456 784 1716 807 excommunicationis
1729 784 1848 814 expressis
1866 791 1909 814 per
1926 783 2039 805 ordinem

1100 826 1183 841 coram
1200 827 1236 842 eo.
1277 819 1347 842 Tunc
1364 819 1481 849 temporis
1498 819 1572 841 etiam
1590 818 1703 841 omnibus
1716 818 1870 841 Theutoniae
1886 817 2035 844 hominibus,

1101 854 1168 883 regni
1191 853 1301 881 Siciliae,
1327 861 1354 876 ac
1376 853 1526 884 quibuslibet
1549 853 1602 875 aliis
1623 853 1796 883 cuiuscumque
1819 852 1976 880 conditionis,
1998 854 2039 874 aut

1101 892 1187 915 status,
1214 888 1255 919 qui
1281 888 1398 910 ecclesiae
1420 891 1504 910 contra
1526 895 1581 910 cum
1598 887 1771 915 adhaeserant,
1798 894 1896 909 omnem
1914 886 2039 909 remittens·

1101 922 1219 945 [Mensam
1230 926 1253 945 et
1264 930 1377 953 poenam,
1393 926 1415 945 et
1427 922 1492 953 quod
1504 922 1528 944 in
1538 922 1605 945 nullo
1615 925 1726 952 tempore
1739 921 1880 949 offenderet,
1897 921 1935 944 vel
1949 920 2039 943 offendi

1102 956 1189 980 faceret
1203 957 1279 987 ipsos,
1302 965 1346 987 pro
1359 965 1388 980 eo
1405 956 1471 987 quod
1489 956 1605 979 ecclesiae
1623 956 1759 984 astiterant,
1781 955 1898 986 praestari
1916 955 1940 978 in
1958 955 2040 977 anima

1101 999 1144 1014 sua
1157 999 1201 1022 per
1213 991 1329 1014 comitem
1340 991 1475 1014 Acerarum
1486 991 1576 1014 faciens
1589 991 1764 1017 iuramentum;
1782 990 1940 1021 postmodum
1954 997 2040 1020 pacem

1101 1030 1123 1048 et
1135 1026 1270 1048 iuramenta
1281 1025 1421 1048 huiusmodi
1431 1033 1587 1056 nequaquam
1600 1025 1744 1048 erubescens
1758 1025 1844 1047 irretiri
1856 1024 1974 1055 periuriis,
1990 1031 2041 1046 non

1101 1060 1213 1083 servavit.
1253 1060 1394 1083 Nonnullos
1408 1060 1473 1083 enim
1487 1060 1561 1082 etiam
1574 1067 1603 1082 ex
1616 1060 1675 1090 ipsis
1687 1059 1828 1082 hominibus
1845 1059 1976 1090 praedictis
1989 1062 2040 1081 tam

1101 1095 1204 1121 nobiles,
1221 1103 1296 1125 quam
1309 1095 1370 1118 alios
1383 1098 1468 1125 postea
1482 1095 1536 1125 capi
1550 1099 1573 1117 et
1586 1094 1730 1117 incarcerari
1745 1093 1806 1122 fecit,
1824 1098 1847 1116 et
1861 1094 1894 1116 eis
1907 1093 1979 1116 bonis
1992 1092 2040 1115 suis

1101 1130 1215 1152 omnibus
1228 1129 1346 1160 spoliatis,
1362 1137 1450 1152 uxores
1463 1137 1547 1152 eorum
1557 1133 1579 1152 et
1594 1128 1657 1152 filios
1670 1128 1795 1159 captivari,
1813 1136 1840 1151 ac
1854 1128 1953 1158 insuper
1965 1131 2041 1150 terras

1101 1164 1218 1187 ecclesiae
1240 1168 1325 1187 contra
1342 1163 1541 1194 promissionem,
1568 1171 1642 1194 quam
1660 1163 1725 1186 idem
1740 1163 1759 1186 Ι.
1777 1162 1907 1186 Sabinensi
1924 1162 2040 1193 episcopo

1101 1203 1124 1222 et
1142 1198 1277 1221 Thomasio
1294 1198 1412 1221 cardinali
1429 1197 1529 1226 fecerat,
1551 1198 1709 1221 irreverenter
1725 1197 1825 1220 invasit:
1847 1197 1893 1228 ipsi
1910 1200 1999 1220 extunc
2016 1196 2041 1218 in

1101 1233 1207 1256 eundem
1224 1230 1389 1264 p‘t-aesentem,
1409 1232 1429 1255 si
1446 1232 1497 1255 ullo
1514 1232 1589 1255 modo
1606 1232 1737 1263 praedictis
1754 1231 1872 1260 articulis,
1898 1235 1939 1254 aut
1956 1230 2039 1254 condi-

1101 1267 1209 1290 tionibus
1233 1267 1423 1295 contraveniret,
1451 1267 1711 1290 excommunicationis
1732 1266 1879 1289 sententiam
1900 1265 2040 1297 promulga-

1101 1306 1193 1325 verunt.
1234 1302 1266 1325 Et
1279 1309 1355 1333 quum
1372 1302 1444 1330 idem,
1461 1302 1597 1333 apostolica
1614 1301 1758 1324 auctoritate
1775 1301 1821 1324 sibi
1836 1300 1973 1328 commissa,
1994 1299 2042 1330 ipsi

1102 1337 1266 1365 mandassent,
1287 1340 1313 1359 ut
1327 1344 1371 1359 nec
1385 1344 1428 1367 per
1440 1344 1473 1365 se,
1491 1344 1536 1359 nec
1549 1344 1592 1367 per
1605 1336 1680 1359 alium
1694 1336 1835 1367 impediret,
1856 1335 1915 1366 quin
1932 1335 2040 1366 postula-

1101 1371 1187 1399 tiones,
1208 1371 1347 1399 electiones,
1369 1375 1392 1394 et
1410 1370 1608 1394 confirmationes
1626 1370 1782 1394 ecclesiarum
1796 1375 1819 1393 et
1837 1369 2041 1393 monasteriorum

1101 1406 1125 1428 in
1139 1414 1214 1436 regno
1227 1405 1337 1436 praefato
1351 1405 1427 1428 libere
1444 1406 1475 1428 de
1492 1410 1573 1428 cetero
1591 1405 1683 1434 fierent,
1705 1405 1839 1428 secundum
1852 1408 1969 1427 statutum
1983 1411 2040 1426 con-

1101 1441 1149 1463 cilii
1162 1440 1291 1470 generalis,
1311 1444 1334 1463 et
1348 1440 1415 1471 quod
1432 1440 1513 1463 nullus
1525 1440 1642 1471 deinceps
1658 1440 1683 1462 in
1696 1439 1784 1463 eodem
1801 1447 1876 1469 regno
1889 1439 1946 1462 viris
1964 1438 2040 1461 eccle-

1101 1475 1210 1503 siasticis,
1232 1483 1259 1498 ac
1272 1475 1350 1503 bonis,
1372 1478 1413 1498 aut
1430 1475 1502 1498 rebus
1515 1482 1598 1498 eorum
1613 1475 1748 1505 imponeret
1766 1474 1846 1497 tallias
1858 1473 1897 1496 vel
1914 1473 2036 1501 collectas,

1101 1510 1216 1540 quodque
1229 1509 1311 1532 nullus
1324 1509 1416 1532 ibidem
1430 1509 1538 1537 ctericus,
1559 1509 1597 1532 vel
1611 1517 1715 1540 persona
1732 1508 1895 1532 ecclesiastica
1912 1508 1943 1531 de
1960 1511 2040 1530 cetero

1101 1544 1125 1567 in
1139 1544 1204 1567 civili
1218 1545 1256 1567 vel
1269 1544 1389 1567 criminali
1402 1551 1475 1567 causa
1485 1544 1654 1567 conveniretur
1667 1551 1749 1567 coram
1762 1543 1842 1566 iudice
1855 1542 1980 1571 saeculari,
1994 1542 2041 1564 nisi

1101 1587 1174 1610 super
1187 1578 1264 1602 feudis
1277 1579 1388 1609 quaestio
1401 1578 1479 1601 civilis
1492 1578 1629 1607 haberetur,
1644 1586 1671 1601 ac
1682 1578 1837 1609 Templan'is,
1853 1576 2036 1608 Hospitalariis,

1101 1618 1124 1636 et
1138 1613 1191 1637 aliis
1208 1613 1318 1644 personis
1331 1613 1501 1636 ecclesiasticis
1518 1613 1549 1636 de
1562 1613 1658 1636 damnis
1671 1617 1695 1636 et
1712 1613 1805 1636 iniuriis
1822 1612 1934 1642 irrogatis
1947 1611 2039 1635 eisdem

1101 1648 1249 1671 satisfaceret
1279 1652 1457 1678 competenter,
1490 1648 1542 1679 ipse
1570 1648 1713 1671 mandatum
1741 1647 1881 1670 huiusmodi
1906 1646 2041 1677 adimplere

1101 1683 1255 1714 contempsit.
1296 1683 1385 1713 Liquet
1398 1690 1505 1713 namque
1518 1682 1640 1711 undecim,
1661 1686 1701 1705 aut
1716 1681 1796 1713 plures
1809 1680 2037 1712 archiepiscopales,

1101 1721 1124 1740 et
1138 1718 1227 1740 multas
1240 1717 1392 1748 episcopales
1408 1717 1488 1745 sedeS,
1510 1717 1622 1740 abbatias
1639 1724 1736 1748 quoque
1753 1720 1775 1739 et
1794 1716 1853 1739 alias
1875 1715 1989 1739 ecclesias
2010 1714 2041 1737 ad

1102 1760 1216 1783 praesens
1234 1752 1258 1774 in
1276 1759 1351 1782 reg-no
1364 1759 1451 1774 vacare
1468 1752 1606 1783 praedicto,
1628 1759 1718 1782 easque
1734 1754 1880 1782 procurante
1893 1750 1958 1781 ipso,
1979 1750 2040 1772 sicut

1101 1790 1185 1817 aperte
1198 1790 1273 1817 patet,
1290 1786 1363 1809 fuisse
1376 1786 1467 1809 diutius
1480 1786 1645 1817 praelatorum
1658 1786 1777 1816 regimine
1790 1785 1917 1808 destitutas
1930 1785 1954 1807 in
1967 1791 2041 1815 grave

1101 1821 1209 1852 ipsarum
1227 1821 1403 1852 praeiudicium
1417 1825 1439 1844 et
1457 1821 1592 1852 periculum
1606 1821 1742 1843 animarum
1756 1820 1894 1843 multarum.
1936 1819 1966 1842 Et
1985 1819 2041 1841 licet

1102 1856 1163 1879 forte
1177 1856 1201 1878 in
1219 1856 1341 1887 aliquibus
1358 1855 1466 1879 eiusdem
1485 1855 1553 1886 regni
1571 1855 1678 1878 ecclesiis
1692 1855 1824 1878 electiones
1840 1854 1887 1877 sint
1901 1862 1915 1877 a
1928 1853 2041 1884 capitulis

1102 1891 1245 1919 celebratae,
1263 1890 1321 1921 quia
1334 1894 1416 1913 tamen
1430 1898 1473 1921 per
1486 1890 1528 1913 illa
1546 1890 1632 1913 eadem
1650 1889 1780 1912 familiares
1797 1889 1877 1912 elerici
1891 1892 1945 1912 sunt
1959 1887 2037 1915 electi,

1102 1925 1224 1956 probabili
1243 1929 1322 1956 potest
1340 1929 1485 1956 argumento
1503 1925 1623 1953 concludi,
1646 1924 1712 1955 quod
1729 1923 1870 1947 facultatem
1883 1931 1932 1946 non
1949 1922 2041 1946 habent

1101 1960 1204 1983 liberam
1217 1959 1331 1990 eligendi.
1368 1959 1533 1983 Ecclesiarum
1546 1963 1629 1982 autem
1642 1959 1717 1990 ipsius
1730 1959 1798 1989 regni
1812 1966 1860 1981 non
1874 1958 1954 1981 solum
1967 1956 2041 1980 facul-

1102 1998 1163 2017 tates
1181 1998 1203 2017 et
1221 1994 1287 2017 bona
1305 1994 1371 2023 fecit,
1394 1998 1465 2025 prout
1483 1993 1567 2023 voluit,
1589 1994 1715 2025 occupari;
1737 1993 1779 2017 sed
1790 1997 1813 2016 et
1827 2000 1920 2020 cruces,
1943 1992 2037 2019 calices,

1101 2029 1233 2057 thuribula,
1254 2033 1277 2052 et
1296 2029 1357 2052 alios
1370 2036 1452 2052 sacros
1465 2037 1549 2052 eantm
1566 2028 1700 2056 thesaur-OS,
1722 2032 1745 2051 et
1763 2036 1857 2059 pannos
1874 2027 1963 2051 sericos
1976 2026 2042 2049 velut

1102 2064 1180 2087 cultus
1198 2063 1274 2086 divini
1292 2067 1454 2094 contemptor,
1476 2063 1571 2092 auferri,
1592 2063 1656 2091 licet,
1678 2066 1703 2086 ut
1721 2063 1820 2091 dicitur,
1847 2062 1905 2093 ipsis
1922 2061 2038 2089 ecclesiis,

1102 2103 1187 2121 exacto
1205 2102 1287 2121 tamen
1305 2098 1371 2129 prius
1388 2106 1433 2129 pro
1451 2098 1485 2121 eis
1502 2101 1568 2121 certo
1586 2098 1672 2128 pretio,
1694 2097 1717 2120 in
1735 2101 1804 2128 parte
1822 2097 1909 2120 fuerint
1927 2096 2037 2119 restituti.

1102 2133 1190 2156 Clerici
1205 2133 1296 2163 quippe
1309 2133 1418 2155 collectis
1431 2138 1454 2156 et
1468 2133 1542 2155 talliis
1556 2132 1723 2163 multiplieiter
1736 2131 1883 2162 affliguntur,
1900 2139 1950 2154 non
1962 2131 2041 2154 solum

1102 2167 1230 2190 trahuntur
1243 2167 1275 2190 ad
1289 2167 1406 2190 iudicium
1423 2167 1555 2195 saeculare,
1573 2167 1622 2195 sed,
1644 2170 1669 2190 ut
1683 2167 1805 2195 asseritur,
1827 2171 1948 2197 coguntur
1961 2165 2040 2189 subire

1101 2202 1195 2230 duella,
1221 2202 1411 2230 incarcerantur,
1437 2202 1582 2225 occiduntur
1598 2206 1621 2224 et
1639 2201 1756 2232 patibulis
1773 2201 1916 2229 cruciantur,
1943 2200 1966 2223 in
1984 2208 2040 2223 con-

1102 2236 1221 2259 fusionem
1239 2240 1262 2259 et
1280 2236 1441 2267 opprobrium
1459 2236 1551 2259 ordinis
1569 2236 1694 2259 clericalis.
1736 2235 1854 2259 Praesatis
1871 2240 1953 2259 autem
1966 2235 2040 2258 Tem-

1101 2271 1192 2302 plariis,
1215 2271 1398 2301 Hospitalariis,
1419 2275 1442 2294 et
1460 2271 1570 2302 personis
1586 2270 1764 2300 ecclesiasticis,
1785 2278 1834 2293 non
1848 2275 1883 2293 est
1897 2270 1927 2293 de
1945 2269 2041 2292 damnis

1101 2305 1175 2328 illatis
1198 2305 1301 2334 eisdem,
1327 2309 1350 2328 et
1373 2305 1465 2329 iniuriis
1487 2305 1645 2329 satisfactum.
1686 2305 1750 2328 Eum
1772 2313 1870 2336 quoque
1892 2308 1984 2328 certum
2005 2307 2041 2326 est

1100 2340 1221 2370 sacrilegii
1234 2348 1286 2363 esse
1300 2344 1501 2371 perpetratorem:
1514 2348 1571 2363 nam
1581 2348 1657 2371 quum
1668 2340 1769 2371 praefati
1782 2339 1922 2363 Por-triensis
1933 2343 1955 2362 et
1969 2339 2040 2361 Prae-

1101 2375 1210 2397 nestinus
1227 2375 1349 2406 episcopi,
1376 2378 1398 2398 et
1417 2374 1574 2406 quamplures
1593 2375 1750 2398 ecclesiarum
1768 2374 1882 2405 praelati,
1907 2378 1930 2397 et
1948 2373 2036 2401 clerici,

1101 2413 1151 2432 tam
1169 2409 1287 2439 religiosi,
1308 2417 1383 2440 quam
1399 2409 1535 2433 saeculares
1552 2409 1584 2432 ad
1602 2409 1773 2440 Apostolicam
1792 2409 1893 2438 sedem,
1916 2416 1959 2439 pro
1977 2407 2039 2430 cele-

1101 2443 1195 2466 brando
1213 2444 1329 2472 concilio,
1355 2444 1421 2475 quod
1443 2444 1510 2475 prius
1531 2444 1584 2475 ipse
1606 2444 1725 2475 petiverat
1746 2443 1887 2471 convocari,
1913 2451 1956 2473 per
1974 2450 2040 2465 marc

1101 2479 1218 2507 venirent,
1239 2478 1284 2501 viis
1297 2479 1412 2502 omnibus
1424 2482 1502 2502 terrae
1515 2479 1598 2510 ipsius,
1619 2479 1650 2502 de
1664 2478 1780 2502 mandato
1793 2478 1844 2501 eius
1857 2477 1957 2501 omnino
1970 2484 2039 2507 prae-

1101 2513 1180 2541 clusis,
1203 2513 1268 2536 idem
1281 2513 1404 2536 destinato
1418 2513 1514 2537 Hensio
1533 2513 1583 2537 filio
1596 2522 1640 2536 suo
1654 2521 1709 2536 cum
1722 2513 1878 2536 multitudine
1893 2512 2036 2542 galeiarum,

1100 2551 1123 2570 et
1146 2555 1189 2579 per
1210 2547 1270 2571 alias
1292 2548 1449 2579 quamplures
1468 2548 1541 2579 longe
1559 2552 1615 2572 ante
1634 2548 1696 2571 serio
1715 2552 1870 2579 praeparatas
1888 2547 1911 2569 in
1930 2545 2039 2577 partibus

1100 2582 1205 2605 Tusciae
1219 2582 1347 2606 maritimis
1360 2582 1454 2606 insidiis
1468 2583 1554 2614 positis
1567 2586 1651 2606 contra
1664 2590 1712 2611 eos,
1730 2586 1754 2605 ut
1767 2582 1866 2611 gravius
1879 2585 1960 2612 posset
1974 2580 2038 2603 virus

1100 2625 1198 2640 vomere
1211 2621 1429 2648 praeconceptum,
1451 2617 1517 2648 ipsos
1530 2625 1589 2640 ausu
1603 2617 1721 2647 sacrilego
1735 2616 1788 2647 capi
1808 2615 1873 2644 fecit,
1891 2615 2039 2646 quibusdam

1100 2651 1265 2682 praelatomm
1278 2652 1394 2683 ipsorum,
1411 2656 1435 2675 et
1448 2652 1502 2675 aliis
1512 2652 1536 2675 in
1547 2651 1685 2675 huiusmodi
1699 2651 1812 2681 captione
1822 2650 1960 2678 submersi-³,
1977 2657 2038 2673 non-

1099 2686 1173 2710 nullis
1190 2686 1264 2710 etiam
1282 2687 1445 2718 interemptis,
1471 2691 1494 2710 et
1516 2686 1638 2717 aliquibus
1660 2686 1742 2709 hostili
1766 2685 1916 2708 insecutione
1938 2684 2038 2715 fugatis;

1100 2721 1198 2752 reliquis
1215 2725 1297 2744 autem
1318 2721 1390 2745 bonis
1412 2721 1523 2752 spoliatis
1541 2721 1665 2749 omnibus,
1691 2724 1713 2743 et
1736 2720 1767 2743 dc
1790 2720 1844 2742 loco
1862 2719 1892 2742 ad
1915 2719 1995 2742 locum
2013 2718 2037 2741 in

1099 2763 1175 2786 regno
1185 2755 1284 2779 Siciliae
1297 2756 1458 2787 opprobriose
1470 2756 1589 2784 deductis,
1604 2759 1626 2778 ct
1640 2754 1818 2781 circumductis
1833 2761 1860 2777 ac
1874 2753 1966 2777 ibidem
1979 2753 2038 2777 diris

1099 2790 1234 2814 carceribus
1245 2791 1397 2822 mancipatis,
1414 2798 1519 2821 quorum
1531 2790 1606 2821 aliqui
1620 2789 1735 2812 macerati
1752 2788 1905 2819 squaloribus
1920 2792 1943 2812 et
1958 2787 2039 2811 inedia

1098 2825 1175 2856 pressi
1196 2825 1367 2849 miserabiliter
1389 2824 1536 2848 defeccnint.
1582 2824 1673 2847 Merito
1698 2823 1796 2854 insuper
1820 2826 1905 2846 contra
1929 2830 1986 2846 eum
2007 2822 2039 2846 dc

1098 2859 1221 2883 haeretica
1234 2860 1354 2891 pravitate
1367 2859 1473 2890 suspicio
1486 2863 1521 2882 est
1535 2862 1625 2887 exorta,
1640 2865 1715 2889 quum
1729 2861 1860 2889 postquam
1870 2857 2037 2881 excommuni-

1098 2894 1200 2917 cationis
1216 2895 1362 2918 sententiam
1380 2902 1394 2917 a
1412 2893 1526 2925 praefatis
1544 2894 1563 2916 I.
1581 2892 1710 2916 Sabinensi
1728 2892 1844 2923 episcopo
1862 2896 1885 2915 et
1903 2891 2038 2916 Thomasio

1098 2928 1215 2952 cardinali
1233 2929 1355 2960 prolatam
1373 2928 1506 2957 incurrerit,
1527 2931 1551 2951 et
1569 2927 1707 2959 praedictus
1724 2926 1858 2957 Gregorius
1872 2927 1940 2958 Papa
1957 2927 2039 2958 ipsum

1097 2963 1260 2987 anathematis
1276 2963 1374 2987 vinculo
1392 2962 1558 2991 innodaverit,
1583 2969 1611 2985 ac
1628 2965 1683 2992 post
1705 2961 1822 2985 ecclesiae
1840 2961 1968 2985 Romanae
1987 2969 2038 2985 car-

1097 2997 1228 3029 dinalium,
1249 2998 1415 3030 praelatorum
1432 3001 1456 3021 et
1473 2996 1630 3025 clericorum,
1651 3004 1679 3020 ac
1696 2996 1800 3020 aliorum
1817 2996 1892 3020 ctiam
1909 2996 2011 3021 diversis
2024 3003 2038 3020 e

1129 3109 1163 3134 11)
1173 3110 1244 3135 quod:
1258 3109 1277 3129 B
1287 3110 1351 3134 oriq.,·
1364 3108 1423 3133 quod
1434 3110 1468 3128 et:
1482 3107 1515 3127 ,w

1724 3141 1758 3167 64
