2243 3288
126 197 192 228 1302

129 284 214 310 quarn
230 275 258 301 in
275 275 373 301 mortis
390 275 506 302 articulo
525 277 676 303 constituti.
713 278 870 304 Praemissa
882 281 975 303 autem
988 285 1005 302 a
1019 277 1063 302 die

129 310 266 336 affixionis
280 310 472 344 praesentium
482 310 518 336 ad
528 311 623 337 valvas
636 311 769 338 basilicae
780 311 912 346 principis
922 311 1063 344 apostolo-

129 353 190 371 rum
209 345 244 370 de
257 344 335 370 Urbe
353 352 386 369 ex
404 349 479 370 certa
497 345 613 371 scientia
632 354 814 380 quoscunque
832 346 919 379 ligare
937 345 1063 371 volumus

128 384 157 405 et
181 383 298 410 arctare,
322 386 379 404 non
405 379 582 405 obstantibus
612 381 773 414 apostolicis
798 384 826 406 et
851 380 1064 413 quibuscunque

129 413 317 447 generalibus,
339 417 386 438 aut
413 414 628 447 provincialibus
654 420 702 440 aut
727 414 908 448 synodalibus
933 414 1064 446 conciliis,

129 447 238 479 edictis,
252 447 508 480 constitutionibus,
522 449 742 474 ordinationibus
760 453 788 474 et
802 448 965 482 apostolicis
983 449 1063 482 privi-

129 481 219 515 legiis,
237 490 288 514 per
306 489 378 515 quae
395 482 511 508 effectus
530 483 719 516 praesentium
737 483 864 517 impediri
882 488 978 516 posset
997 492 1063 516 quo-

130 516 287 541 modolibet
299 516 344 541 vel
362 516 475 549 differri,
489 517 597 543 etiamsi
616 517 652 543 de
670 518 722 543 illis
740 526 894 550 eorumque
909 517 973 542 totis
988 522 1063 543 teno-

128 550 204 576 ribus
215 550 346 576 habenda
357 555 431 576 esset
443 551 470 576 in
483 552 679 585 praesentibus
689 552 794 577 mentio
804 551 942 585 specialis,
954 556 980 577 et
993 561 1063 585 quae

128 584 324 618 praesentibus
354 586 482 611 volumus
512 586 608 611 haberi
638 594 688 620 pro
718 586 889 611 sufficienter
914 587 1063 620 expressis,

128 619 287 652 ceterisque
316 620 460 646 contrariis
490 620 712 654 quibuscunque.
753 620 827 645 Nulli
857 629 924 653 ergo
951 621 1063 646 omnino

127 653 273 679 hominum
288 653 370 679 liceat
388 654 460 680 hanc
474 655 606 688 paginam
619 659 732 680 nostrae
746 654 926 686 inhibitionis,
941 655 1063 681 declara-

128 687 222 719 tionis,
244 688 451 714 constitutionis
474 693 502 715 et
524 689 675 714 voluntatis
697 688 859 722 infringere,
880 690 925 715 vel
947 690 972 715 ei
994 698 1062 715 ausu

128 722 276 748 temerario
291 723 437 749 contraire.
475 723 502 749 Si
517 724 579 757 quis
592 727 685 748 autem
703 723 756 748 hoc
770 728 908 750 attentare
921 732 1062 757 praesum-

128 757 224 790 pserit,
247 757 469 790 indignationem
491 757 690 791 omnipotentis
709 757 763 783 Dei
781 762 809 783 et
827 758 972 784 beatorum
991 759 1063 785 Petri

127 795 156 816 et
174 791 250 816 Pauli
269 791 471 825 Apostolorum
488 792 548 817 eius
566 799 597 817 se
614 791 722 817 noverit
741 792 922 818 incursurum.
958 794 1062 819 Datum

127 826 235 851 Romae
248 825 323 859 apud
337 830 464 851 sanctum
477 826 597 858 Petrum,
611 834 683 851 anno
697 826 893 852 incarnationis
909 827 1063 854 dominicae

128 860 371 888 MCCCCXXXII.
384 860 454 887 VIII.
468 860 532 887 Idus
545 860 647 893 Martii,
660 861 739 886 Pont.
753 861 839 887 nostri
853 862 905 887 Ao.
919 862 949 887 ΙΙ.

522 964 596 984 CAP.
611 964 664 984 l’v.²

126 1007 253 1028 Praemisso
272 1008 350 1026 tenore
369 1007 462 1027 duarum
482 1008 667 1028 constitutionum
686 1009 748 1031 dicit,
768 1009 826 1032 quod
840 1009 978 1033 hospitalarii
994 1009 1064 1028 sancti

127 1034 223 1057 Ioannis,
235 1038 262 1052 ex
273 1034 362 1057 statuto,
373 1034 544 1055 consuetudine.
555 1035 590 1053 vel
601 1035 718 1058 privilegio
729 1034 837 1053 hahentes
847 1035 937 1054 annalia
948 1036 1065 1054 beneficio-

127 1065 176 1079 rum
193 1059 329 1083 vacantium,
353 1060 468 1083 percipere
491 1060 573 1079 debent
591 1061 724 1084 portionem,
744 1066 810 1084 quam
829 1061 938 1080 haberent
957 1061 1066 1080 beneficia

357 1085 491 1110 obtinentes,
503 1086 521 1105 si
532 1087 555 1105 in
566 1087 610 1105 illis
620 1088 695 1105 esseut
704 1087 835 1106 residente&

126 1146 270 1173 Ioannes
289 1145 376 1171 XXII.
399 1145 564 1179 Magistro
583 1150 616 1171 et
633 1145 810 1171 Fratribus
833 1146 1017 1180 hospitalis
1036 1146 1064 1172 S.

360 1184 497 1210 Ioannis
516 1184 834 1218 Hierosolymitani.

194 1239 326 1266 Exhibita
338 1239 420 1265 nobis
436 1248 469 1266 ex
486 1244 567 1273 parte
580 1245 674 1266 vestra
691 1240 788 1275 petitio
803 1241 974 1273 continebat,
988 1240 1064 1274 quod

127 1275 233 1301 dudum
244 1278 308 1308 post
318 1274 582 1300 constitutionem2*
594 1283 644 1308 per
654 1283 705 1301 nos
716 1275 831 1307 editam,
842 1284 897 1309 qua
907 1275 1065 1309 specialiter

127 1314 155 1336 et
172 1317 306 1343 expresse
324 1313 447 1341 cavetur,
461 1309 538 1342 quod
554 1309 692 1335 habentes
710 1310 821 1335 annalia
838 1310 865 1335 in
884 1309 1009 1335 ecclesiis
1028 1309 1064 1335 de

127 1343 339 1375 consuetudine,
358 1343 513 1377 privilegio,
531 1344 576 1369 vel
594 1348 709 1377 statuto,
728 1344 775 1378 qui
797 1344 904 1370 ratione
927 1343 1064 1369 dictorum

126 1378 267 1404 annalium
280 1377 385 1403 fructus
399 1378 481 1411 primi
493 1378 538 1403 vel
551 1378 677 1411 secundi,
690 1379 734 1404 vel
747 1378 860 1404 alterius
874 1378 1063 1412 cuiuscunque

126 1412 270 1447 sequentis
292 1412 356 1437 anni
375 1412 577 1438 beneficiorum
595 1413 753 1438 vacantium
776 1413 862 1438 sibi3*
879 1413 1014 1438 hactenus
1036 1412 1064 1438 in

125 1451 215 1473 toturn
236 1446 455 1478 vindicaverant,
472 1447 541 1472 nihil
562 1447 663 1473 exinde
685 1447 757 1473 ultra
775 1455 922 1479 summam,
940 1455 990 1481 pro
1010 1455 1065 1480 qua

126 1481 348 1515 unumquodque
364 1481 566 1507 beneficiorum
584 1481 707 1515 ipsorum
726 1482 871 1507 consuevit
888 1482 916 1506 in
938 1481 1064 1507 decimae

125 1516 265 1543 solutione
279 1515 375 1547 taxari,
389 1520 536 1549 praetextu
550 1515 670 1541 cuiusvis
689 1516 836 1550 privilegii,
854 1515 1064 1541 consuetudinis

125 1551 170 1577 vel
183 1550 279 1576 statuti
294 1550 392 1584 quovis
402 1550 488 1575 modo
499 1550 686 1584 perciperent,
697 1550 748 1576 sed
762 1550 849 1584 ipsius
863 1558 988 1575 summae
1002 1558 1063 1584 per-

125 1585 255 1619 ceptione
281 1584 415 1610 duntaxat
439 1584 577 1610 deberent
601 1593 666 1610 esse
690 1584 822 1617 contenti,
848 1584 926 1610 totali
950 1584 1063 1610 residuo

126 1619 270 1654 praedicta
283 1618 473 1644 obtinentibus
486 1618 624 1644 beneficia
641 1627 816 1650 remansuro3
838 1619 890 1644 nisi
909 1618 1002 1644 forsan
1016 1618 1063 1651 illi,

126 1655 173 1688 qui
187 1654 292 1679 fructus
306 1653 368 1678 illos
382 1652 456 1678 soliti
471 1658 566 1679 essent
579 1661 642 1679 cum
655 1653 815 1687 integritate
829 1653 983 1687 percipere,
996 1653 1063 1678 mal-

125 1689 183 1715 lent
197 1688 289 1722 ipsum
301 1687 407 1713 habere
420 1687 572 1719 residuum,
583 1692 611 1714 et
622 1688 813 1714 obtinentibus
824 1688 962 1714 beneficia
973 1687 1063 1713 dimit-

126 1728 184 1749 tere
198 1730 335 1748 summasn
348 1726 542 1754 memoratam,
557 1730 612 1756 quo
630 1730 696 1748 casu
714 1722 889 1756 percipiendi
908 1721 983 1755 quod
997 1722 1063 1747 mal-

124 1758 182 1784 lent
195 1761 255 1783 erat
268 1756 308 1782 eis
323 1756 399 1790 optio
414 1756 557 1782 derelicta.
594 1756 742 1790 Quandam
754 1756 838 1782 aliam
851 1756 1063 1782 declaratoriam

126 1790 373 1818 constitutionem4
385 1790 512 1823 fecimus,
525 1791 552 1816 in
566 1799 621 1824 qua
634 1791 792 1825 specialiter
805 1791 963 1823 cavebatur,
978 1791 1062 1824 quod,

126 1827 148 1852 si
162 1825 322 1851 huiusmodi
335 1825 503 1850 beneficium
521 1825 680 1852 obtinentes
698 1826 725 1851 in
743 1825 871 1857 ecclesia,
886 1826 912 1850 in
932 1833 986 1858 qua
1000 1833 1062 1858 spe-

124 1861 230 1886 cialiter
252 1859 320 1885 illud
344 1859 512 1885 beneficium
534 1859 691 1892 exsisteret,
713 1860 828 1885 minime
849 1859 1005 1885 residerent
1027 1859 1062 1884 ad

125 1895 251 1921 debitum
262 1893 405 1920 servitium
416 1893 646 1927 impendendum,
656 1894 777 1928 capitulo
788 1894 915 1920 eiusdem
927 1894 1062 1919 ecclesiae

124 1929 191 1955 nihil
202 1929 318 1954 deberet
328 1936 499 1959 accrescere,
507 1936 593 1962 quum
604 1933 732 1954 cessante
743 1937 826 1954 causa
837 1936 948 1954 cessare
960 1927 1063 1953 debeat

124 1963 229 1998 pariter
243 1962 319 1996 quod
332 1962 454 1995 vigebat,
469 1963 604 1996 quodque
618 1971 650 1989 ex
663 1963 756 1989 verbis
771 1962 967 1988 declarationis
981 1962 1062 1988 huius

125 1999 191 2024 satis
206 1997 282 2022 innui
295 1996 486 2028 videbaturfi‘,
500 1997 576 2030 quod
590 1997 695 2023 fructus
713 1997 914 2023 beneficiorum
927 2005 982 2021 non
995 1997 1061 2022 resi-

124 2032 251 2059 dentium
264 2039 425 2057 accrescere
444 2030 567 2057 debeant
584 2031 752 2057 habentibus
771 2031 881 2057 annalia
897 2035 1061 2056 memorata.

123 2068 230 2093 Verum
243 2074 276 2092 ex
290 2074 334 2097 eo,
348 2065 424 2099 quod
442 2065 469 2090 in
487 2065 677 2092 declaratione
690 2066 765 2091 dicta
777 2074 834 2091 non
847 2065 1004 2091 continetur
1017 2073 1062 2091 ex-

124 2109 221 2136 presse
243 2100 279 2126 de
300 2099 483 2134 perceptione
505 2100 646 2126 annalium
670 2100 870 2126 beneficiorum
895 2099 1062 2131 vacantium,

123 2136 203 2162 vobis
223 2134 383 2160 debitorum
401 2134 436 2160 de
454 2134 605 2168 praedictis
624 2134 836 2166 consuetudine,
854 2134 1000 2168 privilegio
1018 2135 1062 2160 vel

124 2174 228 2197 statuto
242 2169 337 2203 quoad
351 2168 455 2194 fructus
473 2177 530 2194 non
546 2169 731 2195 residentium
748 2169 776 2194 in
789 2168 907 2200 eisdem,
921 2169 968 2202 qui
982 2168 1061 2194 vobis

123 2211 285 2231 accrescere
319 2203 437 2235 debent,
470 2203 575 2228 nullum
609 2204 700 2229 adhuc
736 2203 916 2228 commodum
948 2203 1061 2236 assequi

123 2238 296 2273 potuistisss‘,
310 2238 375 2263 licet
392 2237 433 2270 (ut
450 2237 647 2271 praemittitur)
663 2237 728 2263 dicti
747 2237 852 2263 fructus
870 2237 992 2271 capitulo
1006 2245 1062 2262 non

124 2276 293 2300 accrescant.
330 2272 423 2305 Quare
436 2271 516 2297 nobis
530 2272 672 2298 humiliter
689 2271 877 2306 supplicastis,
891 2276 929 2303 ut,
944 2271 1021 2305 quod
1035 2271 1061 2297 in

123 2306 282 2335 huiusmodi
297 2306 487 2332 declaratione
505 2311 601 2332 nostra
618 2306 702 2332 tacite
716 2306 846 2337 innuitur,
860 2306 1002 2332 declarare
1016 2314 1060 2331 cx—

124 2342 248 2377 prcssius
262 2341 450 2374 dignaremur.
486 2341 545 2366 Nos
564 2341 668 2374 itaque,
687 2341 852 2375 petitionem
869 2345 992 2366 vestram
1010 2340 1059 2366 iuri

123 2384 276 2403 consonam
292 2375 483 2406 aestimantes,
497 2383 529 2400 ac
546 2380 698 2409 propterea
714 2375 742 2400 in
759 2375 812 2400 hac
829 2378 908 2409 parte
930 2374 1016 2408 quieti
1034 2378 1062 2400 et

123 2409 299 2438 indemnitati
320 2413 430 2435 vestrae
452 2409 602 2442 providere
623 2410 759 2441 volentes,
781 2409 922 2443 praesenti
948 2409 1060 2434 oraculo

124 2445 310 2475 declaramus,
324 2443 400 2477 quod
419 2443 523 2469 fructus
541 2444 703 2477 praedictae
721 2444 858 2469 ecclesiae
871 2443 915 2469 vel
931 2443 1061 2469 beneficii

123 2479 258 2511 vacantis,
272 2478 349 2504 cuius
363 2478 483 2510 annalia,
496 2478 523 2503 in
537 2478 638 2512 quibus
652 2478 817 2509 consistunt,
831 2477 967 2503 debentur
980 2478 1060 2503 vobis

123 2524 157 2541 ex
170 2513 326 2548 privilegio,
344 2512 547 2538 consuetudine
564 2513 609 2538 vel
627 2516 732 2538 statuto
750 2512 834 2538 etiam
851 2520 902 2546 pro
919 2520 954 2537 ea
972 2516 1060 2546 parte,

124 2557 197 2583 quae
210 2547 402 2573 obtinentibus
415 2546 607 2581 praebendam
621 2547 665 2573 vel
678 2546 845 2573 beneficium
859 2546 1028 2579 huiusmodi,
1038 2546 1060 2572 si

124 2584 150 2609 in
164 2581 291 2613 ecclesia,
305 2581 351 2607 ubi
365 2581 411 2606 illa
425 2581 590 2613 consistunt,
604 2581 781 2615 personalem
795 2580 975 2607 residentiam
989 2580 1061 2606 face-

123 2622 193 2650 rent,
207 2617 368 2647 deberetur,
382 2615 404 2641 si
418 2623 473 2640 non
487 2615 629 2642 resideant
643 2615 748 2641 ibidem
761 2623 826 2641 vere
839 2615 883 2641 vel
896 2615 968 2641 inter
990 2619 1060 2641 reta-

125 2653 189 2684 tive,
203 2654 300 2684 utpote
317 2658 368 2689 per
386 2650 510 2688 speciale
528 2650 705 2683 privilegium
723 2659 738 2676 a
760 2649 917 2681 ostolicum,
931 2657 964 2675 ve
992 2649 1060 2675 alias

124 2696 157 2714 ex
172 2694 255 2711 causa
272 2684 428 2710 rationabili
446 2684 482 2709 ab
500 2684 659 2710 huiusmodi
677 2684 730 2710 resi
755 2684 829 2710 entia
842 2684 967 2715 legitime
980 2691 1060 2709 excu-

123 2725 230 2747 sentur:
255 2727 340 2753 quum
358 2719 433 2744 dicta
449 2727 514 2752 pars
533 2719 573 2751 (ut
592 2718 789 2752 praemittitur)
808 2718 928 2752 capitulo
947 2726 1003 2743 non
1016 2726 1059 2744 ac-

124 2759 238 2786 crescat,
258 2753 338 2779 vobis
361 2760 522 2779 accrescere
543 2752 629 2779 debet
652 2753 806 2779 secundum
829 2752 1011 2778 intentionem
1033 2757 1061 2778 et

125 2795 249 2817 mentem
263 2787 464 2814 declaratoriae
477 2792 658 2813 memoratae.
683 2787 757 2812 Nulli
771 2795 839 2820 ergo
850 2787 961 2812 omnino
972 2787 1060 2812 homi-

123 2833 189 2851 num
207 2828 260 2849 ete.
278 2827 307 2848 ut
325 2830 418 2856 supra.
455 2821 483 2847 Si
501 2821 562 2855 quis
580 2826 674 2847 autern
692 2822 745 2847 hoc
762 2826 900 2847 attentare
918 2829 1060 2855 praesum-

123 2859 221 2893 pserit‚
234 2861 287 2884 etc.
300 2861 330 2882 ut
348 2864 440 2890 supra.
477 2856 582 2882 Datum
594 2856 676 2882 Avin.
690 2856 752 2882 Kal.
765 2855 867 2889 Martii,
879 2856 958 2882 Pont.
973 2856 1060 2882 nostri

123 2894 176 2919 Ao.
191 2892 258 2918 VJ·
273 2890 372 2927 [1321.]

175 3014 228 3033 Tit.
243 3014 291 3033 vn.
320 3012 381 3036 Cap.
396 3012 434 3031 1v.
464 3010 483 3034 1)
493 3010 567 3031 Exstat
576 3011 597 3030 ὐι
609 3010 691 3030 Bullnr.
702 3010 760 3030 Rom.
771 3010 802 3030 cd.
815 3011 877 3032 Tam.
887 3011 925 3036 IV,
931 3012 977 3031 2¹10.
1004 3010 1025 3036 2)
1034 3011 1062 3036 cs.

123 3045 141 3061 c.
152 3041 171 3061 2.
183 3039 207 3059 de
217 3039 274 3059 elect.
285 3040 306 3059 in
318 3038 376 3060 Ettr.
387 3038 466 3059 Ioann.
478 3038 536 3058 XXI.
548 3037 586 3057 Tit.
597 3037 625 3059 Π,
667 3037 688 3061 3)
698 3037 748 3058 ubiz
763 3038 812 3062 orfq.
857 3036 878 3062 4)
888 3037 916 3062 cs.
926 3042 992 3063 snpra
1003 3043 1020 3057 c.
1032 3039 1062 3058 11.

513 198 730 226 EXTRAVAG.
750 199 923 227 COMMUN.
943 199 1007 228 LIB.
1027 199 1061 226 V.
1080 199 1150 229 TIT.
1171 200 1228 228 Vll.
1249 201 1316 228 VIII.
1336 201 1387 228 DE
1406 200 1544 228 POENIS.
1563 208 1586 228 c.
1607 209 1651 228 un.

1970 202 2037 230 1302

1387 283 1414 310 T
1427 283 1441 310 I
1455 283 1481 310 T
1495 282 1524 310 U
1538 282 1562 310 L
1576 282 1605 311 U
1619 282 1638 310 S
1669 283 1746 311 vm.

1448 340 1503 366 DE
1526 340 1686 366 POENIS.

1495 419 1511 437 C
1518 419 1537 437 Α
1544 419 1567 437 1'.
1583 419 1602 438 U
1610 420 1634 438 N.

1100 451 1222 475 Episcopus
1242 452 1385 471 (fatui-nensis
1408 454 1498 476 propter
1516 453 1590 471 varius
1614 459 1718 472 excessus
1740 459 1779 477 per
1798 454 1868 477 ipsum
1892 455 2037 477 perpetratos,

1100 478 1231 500 praesertim
1247 478 1298 501 quia
1312 478 1359 496 sedi
1371 479 1514 502 apostolicam,
1530 479 1575 497 suis
1586 480 1680 497 subditis
1691 481 1712 497 et
1723 480 1765 497 sibi
1778 480 1818 503 ipsi
1827 480 1947 498 iniuriosus
1958 480 2037 503 suerat,

1100 504 1171 521 varius
1183 509 1265 526 poenas
1276 504 1377 525 incurrit,
1392 504 1496 527 quonium
1513 507 1631 527 perpetuae
1642 505 1787 528 depositionis
1799 506 1932 524 senteutiam
1948 506 2036 528 nit-ruit,

1100 529 1242 552 privatusque
1253 529 1294 547 suit
1304 530 1434 553 pontificali,
1451 530 1584 548 sacerdotali
1596 532 1616 549 ot
1632 531 1676 549 alio
1687 531 1787 554 quolibet
1797 531 1878 553 officio.
1891 533 1912 550 et
1922 531 1948 550 ad
1960 536 2036 554 perpu-

1100 557 1160 573 tuuui
1172 560 1283 573 carcerem
1295 556 1464 574 condemnatus.
1484 556 1592 575 Doctrina
1602 557 1663 575 utilis
1674 557 1709 575 liic
1720 557 1784 575 11011111
1795 557 1907 580 tribuitur,
1918 559 1941 575 ut
1951 557 2038 575 scilicet

1100 586 1260 603 cognoscamus
1271 581 1366 599 crimina
1377 583 1398 599 et
1408 586 1518 602 excessus,
1530 587 1569 604 pro
1579 583 1659 605 quibus
1669 582 1781 605 praelatus
1792 583 1872 605 deponi
1884 583 1959 606 possit.
1974 583 2037 601 Facit

1099 606 1126 624 ad
1139 606 1178 624 lio(-
1190 612 1208 624 c.
1224 607 1337 629 Veritatis,
1353 607 1429 629 Extra,
1445 607 1472 625 ‹lu
1487 607 1539 625 dolo
1554 609 1575 625 et
1590 610 1656 630 voum,
1673 614 1691 626 e.
1708 608 1740 626 ux
1756 608 1834 627 litoris.
1850 610 1871 626 et
1888 614 1906 627 c.
1917 609 1990 627 'sunta
2004 610 2037 627 est

1100 632 1169 650 clavis
1179 632 1247 655 Petri,
1264 632 1290 650 du
1306 638 1390 651 excess.
1401 633 1492 655 praelat.
1520 634 1555 655 Et,
1572 633 1614 651 nisi
1630 634 1715 657 antiqui
1731 634 1782 653 libri
1798 634 1839 652 hoc
1850 640 1868 652 c.
1880 634 1920 652 sub
1935 634 1999 653 titulo
2010 634 2037 653 do

1151 659 1228 681 poenis
1239 657 1415 681 adnotavissent,
1427 659 1466 677 sul]
1477 659 1542 677 titulo
1553 658 1580 677 de
1590 665 1675 679 exc-ess.
1686 659 1778 683 praelat.
1789 660 1884 683 positum
1895 660 1979 679 t'ulssct.

1443 718 1586 743 Ioannes
1605 718 1691 744 XXII.

1168 759 1276 785 Divinis
1296 759 1440 793 exeinpliS‚
1460 768 1532 793 quae
1549 765 1707 786 nostrorum
1726 761 1830 787 debent
1848 769 1912 787 esse
1925 766 2037 788 actuum

1100 794 1205 827 regula,
1220 798 1350 826 patentur
1363 794 1530 826 instruimur,
1541 803 1622 820 aures
1636 799 1746 821 nostras
1761 795 1935 821 subditorum
1949 805 1965 821 a
1978 797 2035 822 suis

1100 828 1268 862 praepositis
1287 836 1486 862 oppressorum
1509 829 1633 855 indebite
1651 835 1679 855 et
1697 835 1913 863 aggravatorum
1935 830 2037 857 iniuste

1100 871 1155 887 non
1170 862 1300 888 obturare
1313 863 1493 895 clamoribus,
1506 864 1556 889 sed
1571 863 1638 897 ipsis
1652 864 1727 897 ipsas
1745 864 1836 897 potius
1852 865 2035 898 compassivis

1100 896 1246 922 affectibus
1269 897 1410 929 inclinare,
1427 902 1466 929 ut,
1484 898 1506 923 si
1528 905 1578 931 per
1595 898 1715 924 sollertis
1730 898 1915 932 inquisitionis
1930 899 2036 932 indagi-

1100 939 1165 957 nem
1183 931 1318 957 clamores
1337 931 1496 957 huiusmodi
1515 940 1602 966 opere
1620 932 1775 966 completos
1794 941 1857 958 esse
1874 933 2036 966 viderimus,

1100 965 1273 991 liberationis
1293 970 1468 999 opportunae
1486 966 1640 992 remedium
1659 966 1782 992 sollicitis
1800 967 1898 992 studiis
1911 976 2037 1001 appona-

1099 1008 1171 1032 mus,
1184 1008 1277 1034 poena
1294 1000 1472 1025 nihilominus
1490 1000 1586 1026 debita
1603 1001 1724 1034 punituri
1738 1001 1764 1026 in
1778 1001 1849 1027 hanc
1863 1006 2036 1035 patratorum

1102 1034 1264 1068 qualitatem
1286 1042 1451 1060 excessuum
1475 1035 1586 1060 illicitos
1611 1043 1805 1069 oppressores.
1851 1036 2035 1070 Omnipotens

1101 1069 1204 1094 etenim
1222 1069 1369 1101 Dominus,
1386 1069 1481 1094 audito
1500 1069 1621 1095 clamore
1643 1069 1740 1103 populi
1762 1070 1813 1102 sui,
1830 1075 1945 1104 propter
1964 1071 2036 1096 duri-

1101 1104 1168 1129 tiam
1181 1111 1286 1135 eorum,
1297 1103 1344 1135 qui
1358 1103 1490 1137 operibus
1503 1109 1660 1137 praeerant,
1671 1104 1802 1136 dolentis,
1813 1104 1848 1130 ad
1862 1105 2037 1132 liberandum

1101 1146 1165 1164 eum
1183 1137 1339 1169 descendit,
1357 1142 1385 1163 et
1407 1139 1507 1163 summi
1527 1138 1622 1171 templi
1643 1139 1814 1172 praeposito,
1833 1138 1879 1172 qui
1898 1139 1972 1165 iuxta
1989 1148 2036 1165 no-

1100 1172 1182 1197 minis
1196 1172 1456 1206 interpretationem
1466 1172 1493 1197 111
1503 1172 1562 1197 vias
1576 1181 1676 1206 pravas
1687 1172 1781 1206 inique
1793 1173 1952 1205 diverterat,
1963 1182 2037 1200 com-

1100 1206 1232 1232 minando
1250 1207 1289 1232 sic
1306 1206 1373 1232 aitl:
1396 1206 1566 1240 „Expellam
1584 1211 1611 1232 te
1630 1207 1665 1233 de
1682 1207 1802 1233 statione
1820 1212 1876 1240 tua,
1890 1212 1918 1233 et
1936 1208 1971 1234 de
1989 1213 2036 1234 tuo

1100 1241 1255 1266 ministerio
1281 1245 1309 1266 te
1336 1240 1506 1274 deponam.“
1541 1241 1657 1266 Dudum
1682 1241 1823 1274 siquidem
1851 1242 1926 1267 sama
1950 1243 2037 1275 gravi,

1100 1275 1221 1301 clamore
1236 1274 1385 1308 frequenti,
1396 1279 1424 1301 et
1434 1275 1549 1308 querela
1560 1275 1645 1301 flebili
1658 1275 1834 1301 subditorum
1845 1276 2037 1303 deferentibus

1100 1309 1191 1341 nobis,
1204 1310 1354 1342 Hugonem
1368 1309 1493 1342 Geraldi,
1511 1310 1577 1335 olim
1592 1310 1792 1336 Caturcensem
1810 1310 1983 1345 episcopum,
2002 1311 2037 1337 de

1100 1343 1290 1377 multiplicatis
1313 1344 1484 1376 excessibus,
1506 1344 1738 1378 oppressionibus
1760 1345 1892 1378 gravibus
1917 1346 2036 1371 enormi-

1099 1378 1209 1412 busque
1223 1378 1384 1404 criminibus
1398 1386 1462 1404 esse
1476 1386 1563 1410 reum,
1577 1387 1638 1411 nos,
1651 1379 1724 1404 mala
1736 1379 1896 1404 huiusmodi
1909 1380 2036 1406 nolentes

1100 1417 1164 1438 ante
1182 1412 1307 1444 credere,
1330 1421 1414 1446 quam
1432 1413 1561 1446 probare,
1580 1421 1664 1447 super
1681 1413 1734 1438 illis
1757 1413 1965 1447 inquisitionem
1987 1423 2038 1448 per

1100 1455 1151 1472 nos
1165 1451 1193 1472 et
1211 1455 1261 1480 per
1273 1447 1343 1472 alios
1361 1446 1419 1472 fieri
1433 1447 1550 1473 fecimus
1564 1447 1736 1481 diligentem.
1773 1448 1808 1473 Et
1821 1448 1934 1474 demum
1948 1449 2036 1482 inqui-

1100 1481 1208 1507 sitionis
1231 1481 1316 1515 ipsius
1337 1481 1397 1506 viso
1420 1486 1448 1507 et
1469 1481 1627 1507 examinato
1645 1490 1809 1516 processum
1826 1482 1981 1508 luculenter
1998 1483 2037 1508 in>

1099 1516 1236 1548 venimus,
1250 1516 1326 1549 quod
1340 1515 1399 1541 eius
1414 1515 1503 1541 fuerat
1515 1516 1632 1541 vitiosus
1650 1516 1804 1549 ingressus,
1818 1525 1904 1550 quum
1917 1525 1968 1551 per
1980 1526 2037 1543 am·

1100 1550 1236 1576 bitionem
1254 1550 1368 1575 nimiam
1386 1555 1413 1576 et
1435 1559 1485 1584 per
1507 1550 1626 1584 abrupta
1647 1551 1816 1577 simoniacae
1834 1551 1977 1585 pravitatis
2000 1552 2037 1577 ad

1100 1584 1289 1618 pontificalem
1302 1584 1497 1610 adscendisset
1509 1585 1654 1610 honorem.
1678 1586 1847 1618 Progressus
1861 1590 1954 1611 autem
1968 1586 2036 1618 eius,

1099 1624 1129 1644 ut
1142 1618 1314 1645 exsecrando
1329 1619 1489 1645 conveniret
1507 1619 1594 1651 initio,
1612 1619 1761 1645 iniuriosus
1779 1620 1924 1646 exstiterat
1942 1621 2036 1654 quoad

1100 1653 1161 1679 tria.
1197 1653 1288 1678 Primo
1306 1652 1436 1679 videlicet
1458 1653 1552 1687 quoad
1569 1654 1753 1687 apostolicam
1775 1654 1882 1687 sedem,
1900 1654 1952 1686 cui,
1971 1655 2035 1681 licet

1100 1688 1190 1721 ipsum
1203 1688 1370 1713 honorasset
1384 1687 1411 1713 in
1423 1688 1527 1721 multis,
1540 1692 1569 1713 et
1583 1688 1697 1714 tandem
1710 1688 1746 1714 ad
1764 1689 1933 1722 episcopalis
1946 1689 2035 1722 digni-

1100 1723 1164 1747 tatis
1186 1722 1294 1755 apicem
1316 1722 1513 1755 promovisset,
1531 1726 1611 1755 terga
1631 1726 1753 1755 vertens,
1771 1731 1827 1748 non
1844 1723 1954 1755 faciem,
1972 1732 2036 1749 con-

1100 1760 1238 1790 temptum
1251 1764 1302 1790 pro
1316 1756 1414 1789 gratia,
1424 1757 1592 1782 maleficium
1603 1765 1653 1790 pro
1666 1757 1814 1789 beneficio,
1827 1762 1856 1783 et
1869 1757 2036 1792 vituperium

1099 1791 1194 1816 retulit
1216 1799 1266 1824 pro
1289 1791 1404 1816 honore.
1440 1791 1684 1824 Appellationibus
1710 1791 1860 1824 interdurn,
1881 1792 1917 1818 ad
1939 1792 2037 1818 sedem

1099 1825 1188 1859 ipsam
1210 1825 1246 1850 ab
1269 1833 1302 1850 eo
1324 1825 1369 1850 vel
1391 1824 1556 1850 officialibus
1579 1825 1639 1851 eius
1661 1834 1712 1859 per
1733 1825 1861 1852 subditos
1884 1835 2035 1860 oppressos

1098 1859 1219 1891 emissis,
1240 1859 1345 1885 nedum
1368 1859 1478 1885 deferre
1499 1860 1747 1893 contemptibiliter
1769 1869 1898 1893 renuens,
1916 1861 1967 1887 sed
1989 1869 2037 1887 eas

1098 1894 1185 1920 verbo
1199 1894 1374 1927 vilipendens
1389 1898 1417 1919 et
1430 1894 1512 1926 facto,
1524 1894 1581 1920 suis
1592 1894 1792 1928 praecipiendo
1806 1895 1949 1927 ministris,
1960 1895 2037 1929 quod

1099 1928 1134 1954 de
1152 1928 1387 1962 appellationibus
1406 1928 1566 1954 huiusmodi
1584 1937 1640 1954 non
1658 1933 1794 1961 curarent,
1808 1937 1840 1954 ac
1858 1929 2035 1956 nihilominus

1098 1963 1283 1996 appellantes,
1302 1962 1403 1996 quibus
1422 1967 1519 1988 contra
1536 1963 1735 1997 oppressiones
1754 1963 1890 1989 debuerat
1908 1972 1971 1990 esse
1989 1973 2036 1998 ap-

1098 1996 1211 2031 pellatio
1230 1997 1290 2030 ipsa
1308 1996 1471 2027 remedium,
1489 2005 1562 2022 nunc
1584 2005 1635 2031 per
1652 1997 1787 2031 captionis
1810 1998 1946 2030 iniuriam,
1964 2007 2036 2026 nunc

1098 2039 1148 2065 per
1166 2031 1363 2064 spoliationem
1379 2031 1589 2063 beneficiorum,
1607 2036 1635 2057 et
1652 2031 1720 2056 alias
1738 2031 1863 2057 indebite
1881 2032 2033 2065 affligendo

1098 2065 1298 2099 multipliciter,
1320 2073 1375 2090 non
1392 2066 1501 2099 absque
1523 2065 1590 2091 vitio
1612 2065 1818 2100 ingratitudinis
1836 2066 1942 2092 violans
1965 2067 2035 2093 iura-

1098 2104 1223 2125 mentum
1233 2099 1376 2125 fidelitatis
1387 2100 1494 2133 abipso
1506 2100 1671 2133 praestitum
1682 2100 1773 2126 dictae
1784 2100 1858 2131 sedi;
1869 2109 1920 2127 nec
1931 2103 2034 2127 veritus

1098 2134 1193 2160 matris
1205 2134 1342 2160 ecclesiae
1353 2134 1606 2167 transgressionem
1617 2135 1898 2168 apertam,nonnullis
1911 2136 2035 2169 quando-

1099 2177 1153 2202 que
1170 2176 1221 2202 per
1239 2176 1303 2193 suas
1321 2173 1449 2202 patentes
1467 2168 1561 2194 literas
1580 2168 1615 2194 de
1634 2169 1771 2194 vacaturis
1790 2169 1935 2195 mandavit
1950 2170 2035 2196 bene-

1098 2203 1166 2228 ficiis
1188 2203 1339 2236 provideri,
1356 2202 1415 2228 vias
1433 2203 1469 2228 ad
1490 2203 1664 2229 vacationem
1684 2211 1779 2229 eorum
1802 2204 1930 2237 aperiens
1953 2204 2034 2230 nimis

1097 2237 1206 2263 illicitas
1231 2241 1260 2262 et
1286 2242 1445 2270 suspectas;
1471 2237 1644 2271 perniciosus
1666 2238 1751 2263 etiam
1775 2237 1826 2263 11111
1850 2242 1878 2263 et
1903 2238 2035 2272 frequens

1097 2272 1239 2297 literarum
1261 2271 1477 2305 apostolicarum
1499 2272 1611 2297 abusor.
1648 2272 1778 2298 Secundo
1800 2280 1877 2304 ver0,
1901 2277 2034 2306 quantum

1097 2306 1132 2331 ad
1148 2305 1285 2337 subditos,
1299 2314 1367 2339 erga
1381 2314 1452 2339 quos
1469 2314 1525 2331 non
1543 2306 1580 2340 pii
1598 2306 1715 2340 praelati
1728 2307 1772 2332 vel
1791 2307 1911 2340 pastoris
1925 2308 2036 2341 peregit

1097 2340 1230 2372 officium,
1255 2340 1322 2373 quin
1347 2340 1432 2366 immo
1458 2344 1593 2374 tanquam
1619 2340 1662 2366 sur
1686 2341 1830 2375 improbus
1855 2341 2035 2375 crudelisque

1097 2379 1230 2408 tyrannus
1251 2375 1304 2400 sub
1327 2374 1411 2408 pallio
1434 2374 1569 2400 caritativi
1591 2375 1708 2401 subsidii
1730 2376 1847 2401 incussis
1871 2376 2033 2408 terroribus,

1097 2409 1235 2435 violentiis
1249 2413 1277 2434 et
1291 2409 1396 2434 iniuriis
1410 2409 1502 2441 illatis,
1512 2409 1618 2435 dolosis
1630 2409 1838 2435 inductionibus
1849 2415 1877 2436 et
1888 2410 2033 2436 fraudibus

1096 2443 1251 2477 exquisitis,
1261 2443 1346 2469 veluti
1358 2451 1486 2469 recursor
1496 2443 1616 2477 iniquus,
1628 2444 1832 2470 extorsionibus
1844 2452 1893 2470 eos
1905 2445 2033 2471 intolera-

1096 2478 1199 2504 bilibus
1213 2477 1436 2511 praegravando,
1446 2486 1519 2503 nunc
1532 2478 1612 2503 binas
1623 2478 1649 2503 in
1660 2487 1742 2510 anno,
1753 2487 1825 2504 nunc
1836 2479 1930 2512 plures
1941 2479 1968 2504 in
1979 2479 2033 2511 die,

1096 2520 1168 2538 nunc
1185 2512 1253 2537 alias
1271 2512 1387 2537 nimium
1405 2512 1563 2538 excessivas
1581 2517 1609 2538 et
1626 2513 1752 2538 ecclesiis
1772 2513 1973 2547 importabiles,
1991 2518 2032 2539 ut-

1096 2551 1163 2581 pote
1184 2546 1368 2580 multiplicato
1389 2546 1566 2572 evectionum
1588 2555 1703 2573 numero
1729 2547 1881 2573 canonibus
1908 2547 2033 2581 definito,

1097 2581 1236 2607 interdum
1250 2589 1300 2615 per
1314 2589 1354 2613 se,
1365 2580 1503 2607 interdum
1513 2589 1563 2614 per
1573 2581 1642 2606 alios
1657 2582 1868 2615 procurationes
1883 2582 2032 2615 exigendo,

1096 2624 1146 2649 pro
1161 2615 1238 2641 libito
1252 2615 1418 2641 visitationis
1433 2615 1535 2647 officio,
1549 2615 1719 2649 quandoque
1732 2616 1899 2648 nullatenus
1910 2621 1938 2642 ct
1951 2625 2031 2650 regu-

1096 2650 1190 2676 lariter
1203 2658 1257 2674 non
1271 2649 1307 2675 ad
1321 2649 1440 2675 fructum
1454 2649 1643 2681 correctionis,
1657 2650 1707 2675 sed
1725 2650 1760 2675 ad
1775 2650 1943 2677 saturandae
1957 2651 2032 2685 cupi-

1096 2684 1191 2710 ditatis
1204 2684 1334 2710 affectum
1348 2684 1486 2718 impenso,
1499 2684 1535 2709 ad
1552 2683 1621 2709 alios
1640 2689 1773 2717 quaestus
1791 2685 1899 2710 illicitos
1914 2689 1941 2711 et
1955 2685 2031 2711 dam-

1096 2724 1177 2744 natos
1191 2726 1270 2744 suum
1288 2718 1397 2744 exacuit
1416 2718 1578 2751 frequenter
1595 2718 1746 2751 ingenium,
1759 2727 1810 2744 nec
1824 2719 1859 2745 de
1872 2719 1967 2751 modo,
1980 2728 2032 2746 nec

1097 2753 1132 2779 de
1146 2761 1229 2779 causa
1247 2753 1361 2778 curavit.
1397 2753 1432 2778 Et
1450 2761 1536 2786 quum
1550 2752 1653 2778 invenit
1670 2753 1798 2779 subditos
1812 2753 1869 2778 suis
1883 2753 1910 2779 in
1923 2753 1977 2779 hoc
1990 2762 2031 2780 re-

1097 2787 1249 2822 probandis
1267 2787 1413 2813 affectibus
1432 2795 1487 2812 non
1505 2790 1645 2825 parentes,
1659 2795 1710 2813 nec
1724 2787 1793 2813 alias
1811 2787 1846 2813 ab
1865 2787 1906 2814 eis
1919 2788 2031 2822 exigere

1097 2822 1186 2856 potuit
1208 2822 1367 2856 concupita:
1393 2821 1578 2847 calumniosas
1601 2821 1756 2847 delationes
1776 2821 1844 2854 fieri,
1862 2827 1959 2848 contra
1980 2831 2030 2849 eos

1096 2856 1159 2883 lites
1176 2856 1292 2888 moveri,
1309 2861 1338 2882 ct
1355 2855 1465 2881 diversa
1487 2855 1527 2881 eis
1549 2855 1710 2888 gravamina
1732 2856 1851 2882 subdole
1872 2857 2030 2891 procuravit

1096 2891 1200 2925 pluries
1223 2890 1326 2917 inferri.
1362 2890 1510 2916 Praeterea
1535 2898 1590 2916 non
1617 2890 1716 2916 citatos
1738 2890 1872 2925 legitime,
1892 2899 1944 2918 nec
1965 2900 2030 2918 con-

1098 3011 1123 3032 de
1130 3011 1200 3037 praeb.
1211 3011 1238 3035 (3,
1249 3010 1278 3035 2.)
1329 3010 1350 3035 5)
1360 3011 1482 3031 videbatis:
1497 3011 1547 3036 oru'gy.
1601 3010 1621 3036 G)
1631 3012 1759 3035 potueritis:
1774 3011 1800 3032 sb.

1150 3038 1203 3058 Tit.
1218 3037 1277 3058 vm.
1305 3037 1366 3062 Cap.
1381 3043 1418 3058 un.
1447 3037 1468 3061 1)
1477 3036 1527 3058 Εειι.
1537 3037 1606 3063 xxn,
1618 3038 1648 3058 19.

1693 3071 1750 3099 82³⁶

1841 3012 1861 3038 7)
1870 3012 1939 3034 immo
1948 3013 1990 3034 ΠΛ
2004 3013 2033 3036 sb.
