2243 3288
140 255 206 283 1097

141 333 197 360 sint
209 332 335 365 iudices)
348 331 532 358 absolutionis
546 332 715 358 beneficium
727 332 876 366 impertiri;
894 332 1082 358 excommuni-

141 372 219 394 catos
244 371 337 393 autem
361 366 396 392 ab
422 366 490 400 ipsis
516 366 700 400 suffraganeis
724 366 770 392 vel
793 374 891 392 eorum
915 365 1081 392 officialibus

140 405 260 436 possunt
271 400 429 433 absolvere,
446 401 469 426 si
483 400 537 426 ab'
531 401 600 440 ipsis
613 401 787 435 litigantibus
805 400 842 426 ad
855 409 904 426 eos
922 400 1005 426 fuerit
1019 409 1081 435 pro-

139 440 278 462 vocatum.
313 435 420 461 Neutra
436 443 503 461 vero
522 435 642 469 partium
659 444 676 461 a
698 436 830 469 penante,
848 435 871 461 si
885 443 941 469 qua
959 435 1082 469 ipsarum

139 479 191 505 per
203 470 446 503 archiepiscopum
459 470 504 496 vel
518 470 577 496 eius
589 470 681 496 officia
665 478 737 497 aem
747 470 782 496 ab
793 470 1082 496 excommunicatione

137 582 217 603 causa,
234 574 274 598 vel
286 574 366 598 minus
379 574 490 605 legitima
502 575 669 607 appellatione
680 579 738 599 ante
751 575 898 599 sententiam
910 575 1081 607 interpositam

137 609 265 638 exstitisse,
282 609 340 640 quia
357 609 424 640 prius
441 610 522 639 etiarn,
540 618 616 641 quam
631 610 762 642 recipiatur
779 611 811 633 ab
828 610 862 633 eis
879 610 1014 641 appellatio
1027 614 1079 633 tan-

138 651 213 674 quam
230 643 319 667 emissa
335 652 365 667 ex
382 652 455 667 causa
471 645 602 675 probabili,
619 649 642 668 et
660 645 778 676 incipiant
795 652 943 675 cognoscere
959 645 990 668 de
1008 653 1080 668 causa

137 677 285 707 huiusmodi,
302 686 333 702 an
350 678 380 701 sit
394 687 458 707 vera,
475 684 499 702 et
515 679 662 710 generaliter
674 679 723 702 fere
738 679 763 702 in
780 679 889 710 qualibet
906 679 1079 710 appellationis

138 720 211 736 causa
228 712 253 736 in
271 713 325 744 ipso
343 713 423 744 primo
440 714 563 737 citationis
580 714 661 737 edicto
678 714 817 745 prohibent,
839 722 870 737 ne
887 713 1007 737 habeatur
1024 722 1079 745 pro-

137 754 218 770 cessus
228 747 252 770 in
263 747 362 778 negotio
376 748 513 779 principali.
543 749 573 771 In
583 748 694 772 subditos
704 748 779 772 etiam
792 748 1001 779 suffraganeorum
1014 749 1078 779 ipso-

137 789 198 810 nnn,
212 781 232 804 si
245 782 309 805 circa
322 790 373 805 rem
387 782 455 811 forte,
469 791 542 814 super
554 791 602 814 qua
616 783 760 814 interposita
772 786 807 806 est
821 783 853 806 ab
866 783 920 806 aliis
933 783 1075 814 appellatio,

137 820 211 854 agant
229 816 330 847 aliquid,
352 817 391 840 vel
409 821 564 848 attetnptent,
585 817 778 841 iurisdictionem
796 823 930 841 assumunt.
971 818 1077 849 Suspen-

135 850 211 873 sionis
232 859 337 882 quoque,
358 851 481 875 interdicti
499 856 522 875 et
544 852 804 875 excommunicationis
825 853 958 875 sententias
975 852 1059 875 latas
1054 860 1077 875 ιιι

136 885 305 916 appellantem
318 885 349 908 ab
362 894 399 914 eo,
413 894 427 909 a
438 894 487 917 quo
500 886 652 917 appellatum
662 886 694 909 ad
707 887 773 917 ipsos
786 887 939 918 proponitur,
953 891 1075 915 revocant,

136 919 168 942 de
184 919 353 950 appellatione
368 920 509 944 huiusmodi
527 921 628 944 minime
645 921 751 951 cognito,
772 921 811 944 vel
828 921 976 945 denunciant
999 921 1079 944 nullas

136 961 196 977 esse.
236 954 293 977 Sive
306 958 389 978 autem
401 955 433 978 ad
446 963 488 978 eos
505 955 657 986 appellatum
675 955 753 984 fuerit,
770 955 821 979 sive
838 964 904 984 non;
926 956 971 986 ipsi
990 956 1078 979 nihilo-

112 1004 115 1005 ν
137 988 217 1012 minus
230 988 261 1012 de
274 989 444 1012 controversiis
457 990 599 1013 clericorum
611 990 674 1013 inter
683 998 716 1018 se,
730 990 769 1013 vel
782 998 837 1014 cum
850 990 917 1014 laicis
930 990 1079 1021 litigantium

136 1031 165 1046 ex
187 1031 306 1047 consensu
328 1023 472 1047 clericorum
493 1024 609 1055 ipsorum,
638 1025 731 1056 absque
755 1025 955 1048 dioecesanorum
981 1032 1080 1048 suorum

135 1057 263 1081 voluntate
280 1062 438 1089 cognoscunt.
479 1059 597 1082 Subditos
615 1059 714 1090 insuper
730 1059 853 1082 dictorum
870 1059 1079 1090 suffraganeorum

136 1092 260 1123 praefatus
276 1092 481 1124 archiepiscopus,
499 1101 604 1125 suusque
621 1094 738 1122 officialis,
760 1094 780 1117 si
797 1102 882 1117 comm
899 1094 1038 1123 sententias,
1056 1098 1078 1117 et

135 1130 268 1158 praecepta
280 1128 387 1158 exsequi,
404 1132 445 1151 aut
458 1128 483 1151 in
496 1128 575 1151 causis
592 1136 636 1159 per
649 1128 842 1160 appellationem
859 1128 980 1152 devolutis
993 1129 1024 1152 ad
1038 1136 1080 1152 eos

136 1161 305 1185 testimonium
317 1162 446 1193 perhibere
459 1166 561 1186 renuant
574 1163 691 1194 requisiti,
705 1163 842 1192 interdicto,
857 1171 898 1186 seu
909 1163 1075 1194 suspensione,

135 1196 176 1219 vel
188 1197 442 1220 excommunicatione
455 1197 603 1228 percellunt;
619 1205 769 1229 quamquam
782 1205 827 1221 nec
844 1198 875 1221 de
888 1198 946 1226 iure,
963 1206 1008 1221 nec
1022 1206 1078 1221 con-

135 1230 264 1254 suetudine
277 1231 336 1262 ipsis
348 1231 420 1254 liceat
434 1232 533 1255 eosdem
547 1232 658 1255 subditos
670 1232 701 1255 ad
715 1232 775 1255 haec
789 1232 870 1255 taliter
880 1236 1010 1255 coarctare.
1049 1232 1078 1255 In

136 1264 252 1288 officiales
265 1265 340 1289 etiam
352 1266 486 1289 eorundem
504 1266 713 1297 suffraganeorum
731 1269 753 1290 et
771 1266 958 1290 archidiaconos
972 1274 1000 1290 ac
1017 1267 1079 1290 alios

135 1299 246 1330 ipsorum
258 1300 377 1329 subditos,
394 1301 436 1332 qui
449 1301 543 1330 nolunt,
560 1301 631 1324 sicuti
644 1309 689 1324 nec
705 1304 825 1330 tenentur,
843 1309 926 1324 coram
939 1301 997 1332 ipsis
1010 1301 1041 1324 de
1054 1309 1079 1324 se

135 1335 343 1365 conquerentibus
365 1335 520 1366 respondere,
546 1335 737 1359 ecclesiasticam
758 1344 885 1359 censuram
907 1340 1035 1364 exercent;
1055 1340 1078 1359 et

135 1369 269 1392 sententias
286 1370 546 1393 excommunicationis
563 1370 595 1393 ab
611 1370 671 1401 ipsis
688 1370 855 1401 suffraganei-3,
872 1370 911 1394 vel
929 1378 1013 1394 eorum
1027 1370 1078 1393 offi-

136 1403 247 1432 cialibus,
263 1412 306 1427 seu
323 1404 355 1427 ab
368 1404 553 1433 archidiaconis,
571 1408 611 1428 aut
625 1405 774 1436 quibuslibet
792 1405 900 1436 ipsorum
914 1405 1078 1436 suffraganeo-

136 1445 190 1461 rum
212 1438 316 1461 subditis
334 1438 524 1462 ecclesiasticam
537 1439 730 1463 iurisdictionem
746 1439 894 1462 habentibus
911 1439 1079 1470 promulgatas

136 1472 280 1504 irrequisitis
292 1481 390 1504 prorsus
403 1474 690 1503 excommunicatoribus,
705 1482 749 1505 pro
762 1482 806 1497 sua
818 1474 944 1497 voluntate
958 1474 1075 1498 relaxant.

137 1507 267 1530 Praeterea
280 1507 397 1531 emendas
410 1508 563 1539 pecuniarias
576 1509 675 1539 exigunt
688 1508 754 1531 idem
768 1508 966 1539 archiepiscopus
979 1508 1078 1540 eiusque

136 1541 246 1565 officialis
263 1542 294 1565 ab
316 1543 534 1566 excommunicatis
551 1550 595 1574 per
608 1551 649 1566 eos
669 1543 693 1566 in
709 1543 787 1566 causis
797 1543 992 1574 appellationum
1005 1543 1078 1566 inter-

136 1575 271 1607 positarum
285 1576 316 1600 ad
330 1577 408 1608 ipsos;
420 1577 476 1600 licet
490 1577 571 1600 nullus
585 1577 800 1608 praedecessorum
814 1578 889 1609 ipsius
902 1577 1079 1609 archiepiscopi

135 1610 182 1634 hoc
196 1610 295 1639 fece1·it;
314 1611 372 1642 quia
389 1619 434 1635 nec
451 1612 481 1635 de
495 1612 552 1640 iure,
569 1620 614 1635 nec
627 1613 658 1635 de
671 1612 847 1636 consuetudine
863 1612 909 1635 sibi
923 1612 1048 1643 competit,
1066 1620 1079 1635 a

135 1645 240 1668 subditis
264 1646 397 1669 eorundem
423 1646 631 1677 suffraganeorum
660 1647 694 1670 sic
722 1647 939 1670 excommunicatis
963 1647 1080 1670 emendas

134 1679 276 1703 huiusmodi
289 1681 420 1711 postulare.
450 1681 503 1704 Illis
516 1689 581 1710 vero,
597 1681 639 1713 qui
653 1685 793 1712 proponunt
806 1689 831 1705 se
845 1681 876 1704 ab
889 1681 981 1704 eisdem
994 1681 1079 1704 suffra-

134 1715 220 1745 ganeis
230 1715 261 1738 ad
272 1715 408 1746 praefatam
418 1716 510 1738 curiam
521 1715 665 1747 appellasse,
679 1724 707 1739 ac
718 1716 768 1739 sore
781 1723 825 1747 per
837 1716 903 1747 ipsos
913 1716 1079 1747 suffraganeos

135 1749 396 1773 excommunicationis
413 1750 511 1773 vinculo
528 1750 666 1779 innodatos,
688 1750 800 1782 protinus
821 1750 983 1774 absolutionis
1004 1751 1077 1774 bene-

135 1783 219 1807 ficium
231 1784 263 1807 ad
280 1785 401 1808 cautelam
419 1785 563 1816 impendunt
575 1793 581 1813 ;
603 1793 753 1816 quamquam
769 1785 850 1809 nullus
863 1785 1077 1816 praedecessorum

134 1818 245 1842 eiusdem
261 1819 439 1850 archiepiscopi
460 1819 506 1842 hoc
523 1827 632 1850 unquam
648 1819 699 1843 ullo
716 1819 800 1843 fecisse
817 1824 929 1851 tempore
946 1819 1078 1847 recolatur;

134 1856 236 1884 propter
245 1853 312 1885 quod
325 1854 503 1877 ecclesiasticae
516 1861 632 1877 censurae
642 1854 710 1878 favor
722 1862 771 1877 non
785 1854 910 1877 modicum
922 1854 1067 1878 diminuitur
1072 1863 1078 1883 ;

135 1888 253 1919 quoniam
270 1888 289 1911 si
306 1888 394 1919 aliquis
412 1896 455 1919 per
472 1889 527 1912 XL.
544 1889 596 1912 dies
613 1889 638 1911 in
654 1889 907 1912 excommunicatione
923 1892 1073 1920 permaneat,

134 1930 247 1953 persona,
265 1926 287 1946 et
309 1923 376 1946 bona
397 1923 461 1946 illius
483 1923 514 1946 ad
536 1923 680 1947 mandatum
696 1923 733 1947 sui
750 1923 888 1947 dioecesani
909 1931 952 1955 pei·
968 1923 1077 1947 balivum

135 1957 200 1987 regis
212 1957 243 1980 de
256 1965 324 1980 more
338 1957 363 1980 N
365 1957 490 1981 ormaniae
503 1958 639 1989 capiuntur,
656 1961 680 1981 et
697 1958 844 1987 detinentur,
860 1966 988 1989 quousque
1005 1958 1076 1981 faciat

134 1999 160 2015 se
182 1991 289 2020 absolvi;
310 1992 352 2015 sed
374 1992 394 2015 si
415 1992 526 2023 praefato
547 1992 733 2024 archiepiscopo
754 1993 825 2016 liceat
848 1993 882 2016 sic
901 1992 1028 2016 absolvere
1045 1993 1077 2016 ad

135 2026 264 2055 cautelam,
281 2026 387 2050 universi
400 2027 605 2050 excommunicati
618 2027 650 2050 ad
667 2035 723 2050 eum
736 2035 762 2050 se
774 2027 912 2058 appellasse
925 2027 1073 2057 confingent,

134 2064 160 2084 ut
173 2061 332 2084 absolvantur
345 2061 426 2084 taliter
436 2061 468 2084 ab
481 2061 581 2090 eode1n;
593 2065 616 2085 et
627 2062 661 2085 sic
670 2061 802 2085 auctoritas
812 2066 835 2085 et
848 2061 948 2085 libertas
961 2061 1078 2085 ecclesiae

135 2095 319 2119 Normannicae
340 2096 372 2119 de
393 2096 534 2119 coercendis
555 2096 772 2120 excommunicatis
793 2096 817 2119 in
839 2096 949 2127 personis
966 2099 989 2119 et
1006 2096 1078 2119 bonis

135 2138 220 2153 eorum
241 2130 345 2161 penitus,
371 2134 490 2161 quantum
512 2131 544 2154 ad
566 2130 632 2162 ipsos
653 2131 818 2161 suffraganeos
836 2130 965 2162 deperiret,
1006 2131 1077 2154 Idem

135 2168 219 2188 autem
231 2164 429 2196 archiepiscopus
442 2165 467 2188 in
483 2165 629 2196 provinciali
642 2165 746 2189 concilio
760 2170 846 2188 contra
858 2165 985 2196 antiquam
998 2169 1021 2188 et
1035 2173 1076 2196 ap-

135 2199 267 2230 probatam
288 2199 491 2223 consuetudinem
512 2199 630 2229 defmivit,
652 2208 677 2223 se
699 2200 774 2223 libere
796 2207 868 2231 posse
890 2207 959 2223 suam
980 2199 1078 2223 visitare

134 2234 286 2265 provinciam
297 2238 354 2257 ante
364 2238 468 2265 tempus,
477 2242 526 2265 quo
536 2234 603 2258 licite
612 2234 663 2257 fieri
674 2234 813 2257 huiusmodi
824 2234 931 2257 visitatio
941 2235 1078 2262 consuevit;

135 2268 252 2300 quoniam
269 2276 299 2292 ex
315 2268 391 2299 longa
403 2269 580 2292 consuetudine
596 2269 621 2292 in
635 2269 790 2292 Nonnannia
804 2272 839 2292 est
857 2269 994 2298 obtentum,
1011 2269 1077 2300 quod

135 2303 242 2334 archiep.
260 2303 442 2333 Rothomagen.
460 2303 491 2327 de
509 2303 614 2326 triennio
632 2304 657 2327 in
675 2303 807 2327 triennium
828 2311 872 2334 per
888 2311 957 2326 suam
979 2303 1076 2334 provin-

135 2337 198 2361 ciam
212 2337 319 2361 officium
332 2338 479 2361 visitationis
492 2338 626 2369 impendat.
656 2338 703 2361 Pro
716 2343 785 2369 parte
798 2346 855 2361 vero
868 2338 944 2369 ipsius
957 2338 1077 2369 archiepi-

134 2372 202 2403 scopi
216 2376 239 2395 et
256 2376 341 2395 contra
358 2372 513 2403 propositum
529 2373 627 2402 exstitit,
644 2373 711 2404 quod
724 2381 738 2395 a
751 2372 877 2396 sententiis
893 2372 1077 2396 archidiacono-

134 2415 196 2436 rum,
222 2414 370 2438 suorumque
391 2407 540 2436 officialium,
568 2411 591 2430 et
616 2407 728 2436 aliorum,
754 2407 795 2438 qui
820 2407 921 2430 subsunt
946 2407 1077 2438 praedictis

135 2441 301 2472 suffraganeis,
322 2441 354 2464 ad
371 2441 531 2472 praemissam
548 2441 641 2465 curiam
657 2442 688 2465 de
706 2442 826 2472 longaeva
843 2446 866 2465 et
879 2442 1008 2465 observata
1020 2449 1077 2465 con-

135 2476 264 2499 suetudine
281 2475 432 2507 appellatur;
453 2480 477 2499 et
494 2476 518 2499 in
536 2476 689 2507 possessione
702 2476 740 2499 vel
753 2476 821 2507 quasi
836 2476 981 2499 admittendi
995 2476 1077 2500 huius-

135 2511 203 2534 modi
227 2510 406 2541 appellationes
435 2515 470 2534 est
492 2515 514 2534 et
537 2510 581 2534 suit
603 2510 706 2534 ecclesia
731 2510 938 2541 Rothomagensis
959 2519 973 2534 a
995 2511 1078 2534 multis

135 2545 288 2576 temporibus
305 2545 448 2573 retroactis;
469 2548 492 2568 et
509 2545 565 2568 talis
581 2545 655 2568 etiam
673 2545 824 2569 consuetudo
846 2545 870 2568 in
892 2545 1003 2576 pluribus
1024 2545 1079 2568 aliis

134 2580 267 2612 provinciis
295 2580 363 2610 regni
394 2580 511 2603 Franciae
540 2580 689 2603 observatur.
735 2580 807 2603 Circa
835 2580 963 2603 citationes
996 2584 1078 2603 autem

135 2614 259 2638 faciendas
273 2614 297 2637 in
310 2614 506 2645 appellationum
519 2614 604 2643 causis,
621 2622 682 2645 quas
695 2618 751 2638 ante
763 2614 919 2638 diffinitivam
932 2614 1077 2638 sententiam

134 2649 166 2672 ab
184 2649 243 2680 ipsis
265 2648 431 2679 suffraganeiS,
451 2656 585 2680 eommque
606 2649 751 2672 officialibus
768 2649 799 2672 ad
818 2649 968 2680 praedictam
986 2649 1077 2673 curiam

134 2683 258 2715 interponi
280 2683 408 2714 contingit,
428 2687 451 2706 et
473 2683 538 2707 circa
559 2691 687 2707 causarum
708 2683 816 2714 ipsarum
835 2683 1020 2707 commissiones
1042 2692 1077 2707 re-

134 2718 235 2750 spondit
255 2718 334 2741 dictus
351 2718 556 2749 archiepiscopus,
573 2726 598 2741 se
616 2718 679 2741 velle
695 2725 798 2746 servare,
816 2718 881 2749 quod
900 2718 936 2741 ins
952 2718 1035 2742 statuit
1052 2718 1077 2742 in

134 2752 181 2776 hae
193 2756 270 2784 parte.
306 2752 469 2776 Inhibitiones
482 2760 539 2775 vero
552 2760 583 2776 ne
596 2752 620 2776 in
633 2752 740 2783 negotio,
757 2752 796 2776 vel
809 2760 840 2776 ne
852 2752 883 2776 ad
897 2753 1077 2776 exsecutionem

134 2788 270 2812 sententiae
292 2787 446 2818 procedatur,
467 2791 517 2810 tam
539 2787 599 2818 ipse,
623 2795 698 2818 quam
715 2794 772 2811 suus
792 2787 909 2816 officialis,
935 2787 1077 2819 priusquam

134 2826 236 2851 constet,
254 2829 352 2846 causam
366 2829 409 2853 per
421 2821 614 2853 appellationem
627 2829 679 2845 esse
692 2821 835 2845 devolutam
848 2822 878 2845 ad
892 2829 941 2851 eos,
957 2822 996 2846 vel
1009 2825 1076 2846 ante-

135 2864 210 2888 quam
223 2857 341 2888 recipiant
355 2856 547 2888 appellationem
561 2860 679 2888 tanquam
689 2856 803 2880 emissam
816 2864 845 2880 ex
858 2864 930 2880 causa
943 2856 1072 2888 probabili,

134 2895 159 2914 et
180 2891 298 2922 incipiant
320 2891 351 2914 de
368 2899 441 2915 causa
454 2898 609 2921 cognoscere,
630 2898 660 2914 an
678 2891 708 2914 sit
725 2898 790 2920 vera,
812 2894 933 2921 coguntur
954 2891 1076 2915 interdum

134 2925 214 2950 facere
226 2930 328 2957 propter
340 2926 473 2949 eorundem
487 2926 704 2956 suffraganeorum,
718 2933 866 2957 suorumque
876 2925 1017 2949 officialium
1030 2926 1075 2949 dis-

134 2959 276 2989 ficultatem,
290 2961 341 2984 sive
354 2960 486 2989 malitiam
499 2960 540 2991 qui
551 2960 734 2991 appellantibus
747 2960 930 2989 rationabiliter,
945 2960 983 2984 vel
997 2961 1077 2984 minus

134 2995 196 3018 iuste
217 2995 249 3018 ab
270 2995 305 3018 eis
326 2995 451 3026 apostolos
472 2995 587 3018 exhibere
609 2999 735 3023 rccusant;
757 2999 782 3018 ut
803 2995 837 3018 sic
859 3003 985 3026 processus
1001 2995 1078 3026 ipsius

134 3029 312 3061 archiepiscopi
326 3030 364 3053 vel
377 3030 414 3054 sui
427 3029 538 3053 officialis
551 3030 575 3052 in
588 3029 761 3061 appellationis
774 3037 847 3053 causa
865 3029 1020 3062 impediatur,
1038 3029 1077 3054 vel

187 3105 207 3130 1)
217 3105 244 3131 cs.
254 3110 321 3132 suln'a
330 3112 347 3127 c.
358 3108 390 3127 13.
401 3106 425 3126 tle
434 3105 533 3133 appellat.
544 3106 572 3132 (2,
583 3105 623 3131 15.)

455 254 563 280 SEXTI
582 253 792 280 DECRETAL.
811 253 878 280 LlB.
897 253 932 279 V.
951 253 1022 279 TIT.
1041 254 1087 280 XI.
1107 255 1159 280 DE
1179 254 1389 282 SENTENTIA
1408 255 1581 282 EXCOMM.
1601 259 1654 282 etc.
1673 264 1698 282 c-
1718 264 1742 289 7.

1992 255 2060 282 1098

1118 336 1216 358 contra
1232 341 1295 359 eam
1312 333 1369 359 lata
1390 342 1440 368 pro
1463 333 1571 368 reliqua
1592 334 1716 373 postulet
1734 341 1764 360 se
1786 333 1903 366 absolvi,
1924 333 1970 359 vel
1991 333 2058 359 alias

1118 375 1211 393 coram
1225 368 1265 394 eis
1279 368 1315 394 de
1332 373 1412 402 parte
1425 368 1480 394 adv
1483 377 1545 394 ersa
1560 369 1765 408 querimoniam
1783 368 1842 394 sine
1855 367 2058 407 appellationis

1118 402 1332 436 interpositione
1352 403 1487 437 deponat:
1511 412 1567 428 non
1584 407 1627 429 est
1644 403 1672 429 in
1689 403 1742 429 hoc
1755 403 1790 428 ab
1809 402 1887 436 ipsis,
1905 403 2002 436 (quum
2015 410 2057 428 sul

1118 445 1174 461 non
1195 437 1249 463 sint
1268 437 1395 470 iudices,)
1421 437 1571 463 audienda.
1607 438 1664 464 Sed
1685 437 1709 463 si
1731 437 1986 476 excommunicatus
2010 436 2058 462 de-

1118 476 1205 505 ponat
1217 471 1293 506 apud
1311 480 1360 498 eos
1379 471 1414 498 de
1433 471 1620 506 suffraganeo,
1643 476 1673 497 ut
1689 472 1848 506 imponatur
1865 471 1890 498 ei
1907 479 2008 506 poena,
2029 475 2059 498 et

1115 576 1189 600 etiam
1208 577 1358 605 retardetur;
1379 577 1496 608 quoniam
1514 585 1558 608 per
1574 577 1640 608 ipsos
1657 577 1784 608 apostolos
1800 585 1831 600 an
1848 576 2001 608 appellatum
2017 584 2058 600 ex-

1115 611 1216 640 sisteret,
1234 611 1273 635 vel
1286 619 1343 640 non,
1360 615 1383 635 et
1400 615 1482 635 utrum
1500 619 1529 635 ex
1546 612 1685 635 rationabili
1699 612 1736 635 vel
1754 619 1803 635 non
1820 611 1960 635 rationabili
1974 619 2054 641 causa,

1115 645 1164 668 cito
1177 650 1200 669 et
1215 645 1285 669 facile
1298 650 1433 677 appareret.
1477 646 1550 670 Unde
1563 646 1621 677 quia
1634 654 1682 669 non
1696 646 1841 670 exhibentur
1853 650 1976 669 asserente
1988 649 2058 677 parte

1115 680 1191 703 altera
1204 688 1232 703 ex
1247 681 1336 704 iniusta
1353 689 1425 704 causa
1443 680 1481 704 vel
1499 681 1644 708 nullatenus,
1661 685 1701 704 aut
1719 689 1769 703 non
1783 680 1845 704 infra
1858 680 1889 704 X.
1907 680 1959 704 dies
1972 680 2057 712 appel-

1115 715 1191 738 latum
1213 715 1293 743 fuisse,
1314 715 1338 738 in
1356 715 1443 738 homm
1466 715 1611 746 probatione
1633 715 1762 738 intervenit
1784 723 1962 746 nonnunquam
1982 715 2057 745 longa

1114 749 1208 777 dilatio,
1225 754 1247 773 ct
1266 757 1315 773 non
1333 749 1456 773 modicum
1474 753 1571 780 tempus
1590 749 1649 778 fluit,
1670 754 1770 780 propter
1787 750 1853 781 quod
1870 757 1943 781 saepe
1956 749 2052 779 accidit,

1114 784 1180 814 quod
1198 784 1221 807 in
1239 784 1379 807 huiusmodi
1396 784 1498 808 decursu
1515 784 1633 815 temporis
1650 784 1739 815 elapsis
1756 784 1812 807 XL.
1829 784 1916 808 diebus
1928 784 2058 815 appellans

1114 822 1240 849 praetextu
1254 819 1514 842 excommunicationis
1525 819 1549 841 in
1559 826 1615 842 eum
1626 817 1687 841 forte
1700 818 1731 841 ab
1742 826 1778 847 eo,
1792 826 1806 842 a
1816 827 1865 850 quo
1878 819 2053 850 appellaverat,

1114 853 1284 883 promulgatae
1305 853 1336 876 ad
1358 853 1503 876 mandatum
1527 853 1773 876 excommunicaton's
1797 853 1930 876 secundum
1952 853 2058 884 regionis

1114 887 1316 911 consuetudinem
1333 888 1435 918 capitur,
1452 891 1475 911 et
1493 887 1582 911 arctius
1600 887 1732 915 detinetur;
1747 887 1829 918 sicque
1846 888 1870 910 in
1885 887 2058 918 appellationis

1114 929 1171 945 suae
1188 922 1360 952 prosecutione
1376 922 1544 953 multipliciter
1560 922 1703 953 impeditur:
1725 926 1748 945 et
1766 922 1856 945 idcirco
1869 922 1899 945 ad
1917 922 2057 946 elidendam

1114 956 1254 979 huiusmodi
1268 956 1386 985 fraudem,
1400 961 1423 980 et
1437 956 1572 980 tollendam
1586 956 1635 979 tale
1648 956 1826 987 appellantium
1839 956 1974 987 periculum
1988 964 2057 988 prae-

1115 990 1177 1014 fatus
1193 991 1399 1022 archiepiscopus,
1415 999 1522 1022 suusque
1539 991 1649 1014 officialis
1666 991 1812 1022 praemissas
1834 991 1992 1014 inhibitiones
2014 991 2057 1015 ali-

1114 1025 1214 1056 qnando
1227 1025 1306 1049 faeere
1319 1025 1506 1057 compelluntur.
1548 1026 1578 1048 In
1595 1025 1706 1049 subditos
1723 1033 1821 1056 quoque
1838 1025 1958 1049 dictorum
1973 1026 2056 1049 suffra-

1114 1067 1257 1090 ganeorum,
1274 1060 1315 1091 qui
1329 1060 1393 1084 circa
1406 1068 1464 1088 rem,
1485 1068 1558 1091 super
1574 1068 1623 1091 qua
1639 1063 1674 1083 est
1697 1060 1849 1091 appellatum
1870 1063 1969 1089 temere,
1990 1060 2057 1091 quod

1114 1098 1269 1126 attemptant,
1284 1099 1341 1118 tunc
1352 1095 1418 1118 idem
1430 1094 1635 1126 archiepiscopus,
1650 1094 1750 1125 eiusque
1763 1094 1874 1117 officialis
1887 1095 2057 1118 auctoritatem

1114 1133 1243 1158 exercent;
1264 1137 1340 1160 quum
1358 1137 1402 1160 per
1422 1129 1470 1152 hoc
1486 1129 1665 1152 iurisdictiones
1686 1129 1823 1160 impediunt
1845 1129 1986 1153 eorundem.
2027 1129 2058 1153 Id

1114 1163 1180 1186 enim
1193 1163 1339 1195 frequenter,
1355 1168 1381 1187 ut
1395 1164 1471 1195 ipsius
1483 1163 1669 1195 archiepiscopi,
1683 1163 1721 1186 vel
1732 1163 1808 1194 ipsius
1818 1163 1928 1186 officialis
1938 1163 2057 1195 impedia-

1114 1202 1153 1221 tur
1166 1198 1190 1221 in
1203 1198 1377 1229 appellationis
1390 1206 1463 1222 causa
1476 1206 1603 1229 processus
1616 1198 1772 1228 litigantium,
1787 1198 1882 1226 astutia,
1900 1198 1938 1221 vel
1952 1198 2053 1227 malitia,

1114 1240 1156 1255 seu
1173 1232 1295 1256 dictorum
1312 1233 1529 1263 suffraganeortnn,
1548 1240 1696 1264 suorumque
1713 1232 1854 1265 officialium
1871 1236 1959 1263 arguto
1976 1233 2058 1256 studio

1114 1270 1265 1298 procuratur.
1305 1267 1478 1299 Suspensionis
1495 1271 1585 1296 autem,
1606 1267 1645 1290 vel
1662 1267 1784 1290 interdicti
1801 1271 1843 1290 aut
1861 1267 2058 1291 excommunica-

1113 1302 1187 1325 tionis
1208 1302 1341 1325 sententias
1358 1302 1421 1325 latas
1438 1302 1462 1325 in
1479 1302 1647 1333 appellantem
1664 1302 1696 1325 ab
1713 1309 1750 1331 eo,
1767 1310 1781 1325 a
1794 1309 1843 1333 quo
1856 1305 1891 1325 est
1904 1302 2057 1333 appellatum

1113 1336 1145 1359 ad
1158 1336 1231 1367 ipsos,
1248 1344 1404 1367 nequaquam
1417 1336 1448 1360 de
1460 1337 1627 1368 appellatione
1644 1336 1746 1360 minime
1762 1336 1861 1367 cognito
1878 1341 2000 1365 revocant,
2018 1337 2057 1360 vel

1113 1371 1262 1394 denunciant
1272 1378 1324 1394 esse
1334 1371 1421 1400 nullas,
1435 1371 1481 1394 nisi
1492 1375 1547 1402 post
1560 1371 1734 1394 inhibitionem
1743 1371 1853 1401 legitime
1863 1370 1953 1394 factam
1966 1371 1998 1394 ab
2011 1371 2052 1400 eis,

1113 1413 1144 1428 ne
1166 1405 1313 1436 procedatur
1334 1406 1358 1428 in
1376 1413 1455 1435 causa,
1477 1406 1524 1429 sint
1543 1406 1643 1429 eaedem
1660 1405 1796 1429 sententiae
1813 1405 1991 1436 promulgatae,
2012 1414 2057 1430 nec

1113 1447 1186 1471 super
1202 1440 1281 1463 causis
1298 1439 1442 1464 clericorum
1460 1448 1489 1463 ex
1511 1448 1596 1464 eorum
1613 1448 1732 1464 consensu
1750 1440 1843 1471 absque
1856 1440 2057 1464 dioecesanorum

1113 1482 1213 1498 suorum
1226 1475 1352 1498 voluntate
1365 1475 1412 1498 sibi
1429 1475 1581 1505 cognitiones
1598 1479 1732 1503 assumunt,
1750 1474 1796 1498 nisi
1808 1474 1834 1497 in
1850 1482 1915 1503 casu,
1932 1474 1957 1498 in
1969 1483 2019 1506 quo
2032 1475 2057 1499 id

1114 1509 1148 1532 eis
1161 1509 1192 1532 de
1205 1509 1256 1532 iure
1269 1509 1342 1532 licere
1355 1509 1457 1538 videtur,
1472 1509 1563 1533 scilicet
1574 1517 1650 1540 quum
1664 1509 1765 1533 clericus
1775 1512 1857 1532 movet
1870 1513 1956 1533 contra
1965 1509 2055 1533 laicum

1114 1543 1290 1574 quaestionem,
1308 1544 1342 1567 ita
1355 1544 1421 1575 quod
1434 1544 1511 1567 laicus
1524 1552 1585 1573 reus,
1602 1548 1625 1567 et
1639 1544 1740 1567 cleiicus
1753 1548 1822 1567 actor
1834 1543 1940 1567 exsistat.
1981 1544 2057 1567 Com-

1114 1578 1205 1609 pellere
1218 1586 1276 1602 vero
1289 1578 1400 1602 subditos
1413 1579 1623 1609 suffraganeorum
1636 1579 1744 1609 ipsomm
1758 1578 1790 1601 ad
1806 1578 1989 1609 exsequendum
2002 1586 2056 1602 sen-

1113 1613 1202 1636 tentias
1219 1616 1242 1636 et
1265 1618 1395 1644 praecepta
1416 1613 1519 1644 praefati
1537 1613 1722 1644 archiepiscopi,
1743 1613 1829 1644 suique
1845 1613 1963 1641 officialis,
1979 1621 2008 1636 ac
2025 1613 2057 1637 ad

1113 1647 1294 1678 perhibendum
1310 1648 1478 1671 testimonium
1494 1648 1519 1671 in
1533 1648 1612 1671 causis
1629 1655 1672 1679 per
1684 1647 1877 1678 appellationem
1890 1647 2012 1671 devolutis
2025 1648 2057 1671 ad

1113 1690 1162 1710 eOS,
1184 1682 1243 1713 ipsis
1259 1682 1452 1713 archiepiscopo,
1473 1686 1496 1706 et
1513 1682 1611 1706 officiali
1629 1682 1660 1705 de
1675 1682 1778 1713 antiqua
1797 1682 1973 1706 consuetudine
1990 1690 2057 1706 com-

1113 1716 1190 1747 petit;
1212 1721 1235 1740 et
1253 1716 1356 1740 ecclesia
1373 1717 1581 1747 Rothomagensis
1597 1725 1612 1740 a
1628 1720 1746 1748 tempore,
1768 1716 1836 1740 cuius
1851 1724 1902 1740 non
1914 1720 1992 1740 exstat
2005 1725 2056 1740 me-

1113 1751 1198 1779 moria,
1215 1751 1259 1774 fuit
1272 1751 1297 1774 in
1310 1752 1464 1782 possessione
1476 1752 1515 1775 vel
1528 1751 1598 1782 quasi
1611 1751 1777 1782 compellendi
1793 1751 1875 1774 taliter
1887 1751 1986 1774 eosdem
1999 1752 2056 1775 sub-

1113 1785 1177 1809 ditos
1195 1786 1226 1809 ad
1243 1786 1384 1817 praemissa.
1426 1787 1455 1809 In
1473 1786 1588 1809 officiales
1601 1790 1684 1809 autem
1698 1786 1833 1809 eorundem
1845 1786 2056 1816 suffraganeorum

1112 1824 1135 1843 et
1149 1820 1342 1849 archidiaconos,
1359 1828 1387 1844 ac
1401 1821 1462 1844 alios
1474 1820 1573 1844 illorum
1585 1821 1703 1849 subditos,
1718 1821 1759 1851 qui
1772 1820 1858 1843 nolunt
1872 1828 1954 1843 coram
1968 1820 2056 1844 eodem

1112 1855 1304 1886 archiepiscopo,
1321 1855 1360 1878 vel
1373 1855 1425 1879 eius
1435 1855 1533 1878 officiali
1543 1855 1574 1878 de
1587 1863 1612 1878 se
1622 1855 1828 1886 conquerentibus
1838 1855 1993 1886 respondere,
2006 1863 2055 1879 non

1112 1889 1203 1920 passim
1216 1889 1290 1912 iidem
1305 1889 1502 1921 archiepiscopus
1515 1893 1539 1913 et
1552 1889 1663 1913 officialis
1672 1890 1896 1913 animadverterunt
1910 1890 2056 1913 ecclesiasti-

1112 1931 1166 1947 cam
1184 1924 1208 1947 in
1226 1924 1292 1955 ipsos
1309 1925 1465 1956 exsequendo
1488 1932 1623 1953 censuram,
1646 1924 1692 1947 nisi
1714 1924 1738 1947 in
1760 1924 1863 1953 casibus,
1884 1924 1909 1947 in
1926 1924 2014 1956 quibus
2031 1924 2056 1948 id

1112 1958 1207 1982 licitum
1219 1962 1255 1982 est
1268 1959 1368 1988 eisdem,
1385 1959 1499 1982 videlicet
1516 1959 1616 1990 quando
1632 1959 1716 1990 aliqua
1732 1966 1812 1988 causa,
1829 1959 1854 1982 in
1870 1967 1919 1990 qua
1936 1959 2055 1990 praedicti

1112 1996 1193 2024 partes
1205 1997 1268 2021 sunt,
1286 1997 1310 2017 et
1322 2001 1372 2017 non
1385 1993 1483 2022 iudices,
1501 1994 1532 2016 ad
1543 1994 1771 2024 Rothomagensem
1785 1993 1878 2017 curiam
1890 2001 1934 2024 per
1945 1993 2056 2025 appella-

1111 2027 1205 2051 tionem
1218 2027 1334 2055 defertur;
1353 2028 1392 2051 vel
1405 2028 1504 2059 quando
1518 2028 1699 2059 praedictomm
1717 2028 1927 2059 suffraganeorum
1940 2028 2056 2052 officiales

1112 2062 1269 2085 imminentes
1282 2063 1417 2093 cognitioni
1431 2071 1559 2086 causarum
1571 2063 1684 2094 nequiter
1696 2062 1805 2086 iudicant
1814 2071 1822 2091 5
1843 2066 1866 2086 et
1879 2070 1952 2094 super
1964 2063 2055 2086 delicto

1112 2096 1244 2120 commisso
1257 2097 1289 2120 ab
1301 2097 1336 2120 eis
1349 2097 1374 2120 in
1386 2097 1477 2121 iudicio
1493 2097 1561 2128 apud
1577 2097 1682 2120 eandem
1699 2097 1792 2120 curiam
1809 2097 1908 2128 querela
1924 2097 2056 2128 deponitur

1112 2135 1197 2154 contra
1209 2131 1276 2162 ipsos
1281 2140 1288 2160 3
1301 2131 1358 2162 quia
1370 2131 1401 2155 de
1414 2131 1461 2155 hoc
1474 2139 1523 2155 non
1536 2136 1637 2163 possent
1650 2132 1725 2155 iidem
1738 2132 1884 2162 suffraganei
1897 2139 2051 2162 cognoscere,

1111 2173 1157 2189 nec
1169 2165 1286 2189 deberent
1292 2174 1299 2194 ;
1315 2174 1391 2197 quum
1408 2166 1524 2197 ipsorum,
1545 2170 1568 2189 et
1585 2174 1686 2190 suorum
1702 2166 1843 2190 officialium
1860 2174 1936 2190 unum
1949 2170 1972 2190 et
1989 2166 2056 2190 idem

1112 2200 1142 2223 sit
1160 2200 1330 2223 consistorium
1347 2201 1398 2224 sive
1414 2200 1571 2229 auditorium,
1588 2205 1611 2224 et
1624 2201 1691 2232 quod
1708 2201 1740 2224 ab
1757 2200 1805 2224 illis
1818 2201 1843 2224 in
1855 2201 1951 2224 iudiciis
1963 2201 2052 2231 agitur,

1112 2234 1144 2258 ab
1161 2234 1196 2258 eis
1213 2234 1265 2258 fieri
1282 2235 1370 2258 merito
1388 2239 1518 2266 reputetur.
1559 2235 1699 2259 Sententias
1716 2243 1774 2259 vero
1796 2235 2055 2259 excommunicationis

1112 2269 1212 2300 quando
1225 2277 1265 2292 eas
1279 2269 1325 2300 ipsi
1338 2270 1492 2300 suffraganei,
1510 2270 1548 2293 vel
1561 2270 1597 2294 sui
1610 2270 1734 2299 officiales,
1751 2273 1793 2294 aut
1811 2270 1853 2294 alii
1867 2278 1951 2294 eorum
1963 2270 2055 2294 subditi

1111 2308 1230 2335 tanquam
1243 2312 1371 2328 causatum
1388 2305 1533 2335 cognitores,
1550 2308 1573 2328 et
1590 2305 1683 2328 iudices
1695 2305 1759 2328 inter
1775 2308 1856 2336 partes
1869 2304 2001 2336 proferunt,
2018 2312 2054 2328 re-

1112 2338 1195 2361 laxant
1214 2339 1334 2369 praedicti
1347 2339 1553 2370 archiepiscopus,
1570 2347 1676 2370 suusque
1689 2339 1807 2368 officialis,
1824 2347 1900 2371 quum
1917 2339 2055 2370 appellatur

1111 2373 1143 2396 ad
1172 2373 1238 2404 ipsos
1268 2374 1436 2404 praesentibus
1464 2374 1582 2405 partibus,
1614 2374 1866 2398 excommunicatores
1893 2374 1994 2397 minime
2018 2382 2054 2397 re-

1112 2407 1244 2438 quirendo:
1257 2408 1299 2431 sed
1313 2416 1388 2439 quum
1402 2408 1468 2439 apud
1481 2416 1523 2432 eos
1535 2412 1620 2432 contra
1633 2409 1699 2440 ipsos
1711 2409 1962 2432 excommunicatores
1974 2408 2005 2432 de
2018 2408 2054 2431 in-

1112 2442 1174 2465 iusta
1188 2443 1440 2466 excommunicatione
1453 2443 1552 2474 querela
1565 2443 1717 2475 proponitur,
1731 2448 1789 2466 tunc
1802 2443 1833 2466 ad
1846 2443 1911 2466 illius
1924 2442 2053 2466 relaxatio-

1112 2484 1176 2505 nem,
1197 2477 1243 2500 nisi
1266 2477 1388 2508 requisitis
1409 2477 1502 2501 eisdem
1523 2478 1811 2505 excommunicatoribus,
1836 2485 1885 2501 non
1906 2477 2049 2508 procedunt.

1113 2511 1239 2534 Emendas
1263 2519 1361 2543 quoque
1386 2512 1538 2543 pecuniarias
1560 2513 1591 2536 ab
1613 2512 1830 2536 excommunicatis
1851 2520 1894 2543 per
1916 2511 2054 2542 praedictos

1112 2545 1285 2576 suffraganeos,
1303 2550 1326 2569 et
1343 2546 1405 2570 alios
1421 2546 1522 2570 licenter
1539 2547 1642 2578 praefati
1659 2547 1863 2577 archiepiscopus,
1885 2546 1985 2577 eiusque
2001 2546 2054 2570 offi-

1112 2580 1180 2603 cialis
1194 2580 1218 2603 in
1231 2581 1310 2604 causis
1322 2581 1517 2612 appellationum
1528 2582 1634 2612 exigunt,
1649 2589 1725 2612 quum
1735 2581 1759 2604 in
1769 2581 1824 2604 illos
1837 2580 1931 2604 ratione
1943 2580 2053 2612 appella-

1112 2615 1185 2638 tionis
1199 2618 1346 2646 potestatem
1359 2624 1400 2639 seu
1414 2616 1606 2640 iurisdictionem
1620 2616 1746 2639 obtineant
1751 2624 1758 2643 ;
1775 2618 1798 2639 et
1811 2615 1945 2638 secundum
1958 2615 2052 2646 patriae

1112 2650 1315 2674 consuetudinem
1331 2650 1363 2674 ab
1379 2651 1597 2674 excommunicatis
1618 2650 1737 2674 emendae
1756 2649 1896 2673 huiusmodi
1913 2649 2053 2680 exigantur3

1111 2684 1229 2716 quoniam
1245 2684 1306 2708 alias
1322 2693 1424 2709 censura
1445 2685 1479 2708 ibi
1500 2685 1665 2709 ecclesiastica
1685 2684 1809 2708 modicum
1826 2684 1959 2708 timeretur.
1998 2684 2053 2708 Ab·

1111 2719 1206 2742 solvere
1222 2723 1303 2743 autem
1320 2719 1352 2743 ad
1366 2719 1487 2743 cautelam
1504 2720 1535 2743 de
1553 2720 1602 2743 iure
1619 2719 1675 2742 licet
1688 2719 1780 2742 eisdem
1786 2727 1792 2747 ;
1810 2722 1832 2742 et
1846 2721 1881 2742 est
1896 2718 1961 2742 idem
1973 2718 2052 2743 archi·

1111 2753 1249 2785 episcopus,
1270 2757 1293 2778 et
1310 2754 1346 2778 sui
1364 2754 1438 2778 etiam
1457 2752 1655 2786 praedecessores
1672 2753 1767 2776 suerunt
1785 2753 1809 2776 in
1831 2753 1992 2792 possessione,
2012 2753 2052 2777 vel

1111 2788 1179 2820 quasi
1193 2788 1274 2812 taliter
1286 2789 1437 2813 absolvendi.
1468 2789 1507 2812 De
1519 2788 1657 2812 visitatione
1671 2795 1728 2811 v·e10
1740 2787 1956 2819 archiepiscopus'
1950 2795 2003 2819 ipse
2015 2796 2053 2812 re-

1110 2823 1217 2854 spondit,
1234 2823 1301 2855 quod
1318 2831 1367 2847 non
1384 2823 1505 2852 diffinivit,
1526 2831 1551 2846 se
1569 2830 1640 2854 posse
1657 2822 1724 2845 illam
1742 2822 1893 2853 provinciam
1911 2822 2053 2854 impendere

1111 2861 1168 2881 ante
1189 2862 1287 2890 tempus
1308 2858 1498 2881 determinatum
1521 2857 1544 2880 in
1562 2857 1735 2880 constitutione
1754 2864 1826 2888 super
1843 2856 1920 2880 forma
1937 2860 1960 2880 et
1977 2857 2052 2881 modo

1111 2891 1226 2915 visitandi
1238 2901 1254 2916 a.
1264 2893 1338 2916 nobis
1354 2890 1444 2921 edital,
1465 2899 1560 2922 negans
1575 2891 1783 2920 consuetudinem,
1800 2899 1874 2922 quam
1891 2891 1916 2915 in
1933 2891 1980 2915 hoc
1996 2900 2054 2923 pars

1111 2926 1188 2950 altera
1205 2927 1307 2959 allegat;
1328 2927 1440 2958 quamvis
1456 2926 1512 2949 talis
1524 2925 1675 2949 consuetudo
1687 2925 1784 2949 sublata
1796 2933 1840 2957 per
1852 2925 2052 2950 constitutionem

1110 2961 1251 2985 huiusmodi
1275 2962 1393 2985 videatur.
1442 2960 1496 2984 Nos
1525 2960 1598 2991 igitur
1621 2960 1761 2992 praemissis
1784 2960 1899 2984 omnibus
1922 2960 2054 2992 diligenter

1111 2996 1208 3025 auditis,
1229 3000 1252 3020 et
1270 2996 1365 3027 plenius
1382 2995 1518 3024 intellectis,
1539 2995 1710 3018 sententiando
1728 2995 1926 3026 pronunciamus,
1946 2996 2052 3019 eundem

1111 3030 1324 3063 archiepiscopum
1342 3029 1523 3054 admittendum
1540 3029 1591 3053 sore
1611 3029 1642 3053 ad
1663 3029 1818 3062 probandam
1839 3030 2048 3063 consuetudinem,
