2243 3288
154 251 220 278 1255,

158 328 295 354 redituum
315 324 483 350 huiusmodi.
501 329 528 349 et
548 322 699 348 secundum
718 322 771 347 hoc
784 321 820 346 ab
834 321 895 352 illis,
915 329 1034 354 quorum
1047 325 1090 347 est

158 364 254 387 horum
280 360 444 393 proprietas,
470 358 516 390 qui
542 357 606 382 inde
628 356 747 390 pretium
769 364 820 388 pro
843 355 935 380 futuro
962 360 1089 388 tempore

159 394 321 428 receperint.
340 401 389 426 per
408 398 463 417 tres
481 399 568 416 annos
587 391 695 416 decima
714 388 915 416 extiil)ebiu1r='.
952 389 979 414 Si
997 393 1090 415 autem

159 432 185 455 in
199 430 240 454 liis
254 427 340 459 gratia
359 427 431 451 sacta
449 426 483 450 sit
497 425 698 455 obtinentibus,
717 424 781 457 quia
795 424 915 449 scienter
928 432 977 457 pro
991 423 1090 448 minori

159 463 256 496 pretio.
271 469 353 494 quam
367 461 485 491 valeant,
505 465 567 484 sunt
587 459 650 484 talia
667 459 781 484 vendita
794 458 838 483 vel
852 458 954 483 locata:
976 457 1027 496 ipsi
1042 457 1090 483 ob-

160 499 288 522 tinentes.
311 500 338 520 et
361 503 415 519 non
438 494 637 519 monasterium
655 493 699 518 vel
721 492 839 518 ecclesia
857 492 893 517 de
911 492 966 523 illo,
990 500 1016 517 in
1036 500 1090 525 quo

161 531 248 563 gratia
264 529 334 554 sacta
348 534 389 554 cst
404 528 481 562 ipsis,
499 533 527 553 et
546 528 582 553 (le
595 527 703 561 reliquo
718 527 764 559 illi,
779 535 897 560 quorum
911 531 953 552 est
966 526 1091 564 proprie—

160 573 209 591 tas.
230 563 366 589 decimam
380 563 560 588 exhibebunt.
597 563 624 587 Si
639 567 732 587 autem
746 561 873 594 personis
887 560 1026 593 aliquibus
1040 568 1090 593 pro

159 600 228 624 iusta
243 597 381 626 mercede,
394 606 442 622 seu
457 596 681 622 remuneratione
696 596 798 621 laboris
812 595 856 620 vel
870 595 998 628 obsequii
1013 602 1091 628 prae-

159 634 212 658 stiti
225 632 267 657 vel
279 631 439 664 praestandi
451 631 515 656 talia
526 636 589 655 sunt
601 638 748 655 concessa:
764 630 790 661 ii,
801 638 919 662 quorum
931 634 972 654 est
984 629 1092 654 illorum

160 666 316 700 proprietas
328 666 354 690 in
366 666 552 691 decimatione
566 670 749 698 proventuum
761 672 883 695 suorum,
896 663 979 689 etiam
993 663 1091 688 horum

159 706 309 734 proventus
323 700 422 725 merito
436 699 630 726 numerabunt.
644 704 670 724 et
686 698 721 724 de
735 698 797 729 illiS,
811 698 881 722 sicut
893 698 927 723 de
938 697 1009 729 aliis,
1021 705 1091 730 quos

159 744 208 768 pro
223 735 304 760 certis
322 734 378 759 suis
393 734 556 759 utilitatibus
570 733 742 767 expcndunt,
760 732 897 758 decimam
911 731 1091 757 exhibebunt.

160 769 266 802 Quodsi
290 769 358 794 hacc
381 776 431 802 per
453 768 523 797 illos,
546 768 591 801 qui
615 776 648 793 ca
670 767 873 797 obtinebant1¹',
895 766 921 791 in
939 766 1010 791 alios
1029 771 1091 791 sunt

160 804 301 833 translata,
321 803 385 836 quia
403 811 447 828 res
460 802 562 833 ,transit
581 810 643 827 cum
662 809 746 826 onere
764 809 828 826 suo:
847 801 931 826 ctiam
945 800 1017 826 circa
1031 801 1092 825 illos

161 846 232 872 quae
250 837 438 871 praediximus
452 837 645 862 servabuntur.
682 836 740 861 Nec
755 835 928 860 deducentur
941 843 1092 868 expensae,

160 880 231 906 quae
250 880 300 905 pro
318 871 470 899 monacbis
490 871 535 904 qui
555 871 581 896 in
596 870 696 896 talibus
711 869 889 903 prioratibus,
907 869 1030 901 grangiis
1044 877 1092 894 seu

159 907 298 937 domibus,
321 906 347 931 in
370 905 537 931 beneficium
559 913 607 930 seu
631 912 663 930 ex
685 912 761 929 mera
779 904 868 936 gratia
886 903 1037 935 concessis,
1061 912 1093 929 ex

159 946 242 976 pacto
264 940 352 966 teneri
376 940 489 971 debent,
508 939 566 964 tieri
585 939 794 971 dignoscuntur.
836 938 983 971 lixpensae
1001 942 1094 963 autem

160 976 269 1001 illorum
282 974 482 1000 monachorum
497 974 539 999 vel
554 981 745 1007 personarum,
758 980 830 1006 quae
844 972 930 998 teneri
945 972 1049 997 debent
1061 980 1093 997 ex

160 1015 242 1043 pacto
254 1009 281 1034 in
292 1009 469 1042 prioratibus,
483 1008 607 1041 grangiis
619 1015 668 1033 seu
679 1007 818 1039 domibus,
829 1006 864 1032 ad
876 1006 976 1031 iustam
988 1006 1094 1031 firmam

160 1053 208 1069 seu
227 1043 391 1077 pensionem
406 1043 556 1074 concessis,
575 1042 633 1067 sive
652 1041 836 1067 determinate
854 1041 912 1066 sive
930 1049 995 1072 non,
1012 1040 1094 1066 aesti-

160 1078 309 1104 mabuntur
330 1077 525 1103 aestimatione
548 1076 696 1107 communi,
718 1081 746 1101 et
767 1075 851 1101 talem
870 1074 1094 1100 aestimationem

161 1111 360 1138 monasterium
379 1111 423 1137 vel
441 1111 569 1141 ecclesia,
588 1111 664 1135 cuius
682 1110 790 1135 illorum
805 1114 847 1135 est
861 1109 1018 1143 proprietas
1032 1117 1094 1134 cum

159 1147 216 1172 suis
234 1146 426 1180 proventibus,
444 1145 604 1171 decimabit.
645 1145 763 1170 Praelati
786 1144 821 1170 de
844 1143 1095 1177 procurationibus,

160 1190 230 1215 quas
253 1181 280 1205 in
302 1180 468 1205 victualibus
490 1180 655 1213 percipiunt,
681 1179 818 1204 decimam
841 1186 896 1203 non
921 1178 1094 1211 persolvent;

161 1215 211 1241 sed
230 1215 277 1248 qui
295 1215 335 1240 eis
354 1219 497 1248 praestant
519 1213 677 1239 huiusmodi
700 1213 838 1243 victualia,
861 1213 886 1237 in
909 1212 1094 1238 decimatione

160 1258 273 1275 suorum
295 1254 480 1283 proventuum
502 1253 530 1273 et
552 1247 691 1273 redituum
714 1247 912 1278 numerabunt,
935 1252 963 1272 et
986 1247 1095 1272 solvent

160 1284 299 1309 decimam
315 1283 351 1308 de
365 1283 481 1308 eisdem.
522 1283 566 1307 De
584 1282 637 1307 illis
651 1286 744 1307 autem
758 1281 1010 1315 procurationibus,
1025 1289 1094 1314 quas

159 1317 274 1352 praelati
293 1317 320 1342 in
339 1317 456 1350 pecunia
474 1321 619 1341 numerata
631 1316 683 1342 rite
701 1316 857 1349 percipiunt
875 1315 910 1340 ab
924 1315 1050 1349 antiquo,
1068 1320 1095 1341 et

160 1361 229 1386 quas
252 1351 437 1385 perciperent,
463 1351 571 1376 etiamsi
596 1359 651 1375 non
675 1350 829 1382 visitarent,
854 1349 992 1375 decimam
1017 1357 1095 1383 prae-

160 1393 234 1412 stare
252 1391 390 1411 tenentur.
427 1385 568 1410 Praelatus
583 1390 686 1416 autem,
701 1385 747 1418 qui
762 1384 996 1418 procurationem,
1011 1392 1095 1417 quam

160 1421 220 1446 sine
242 1420 399 1445 visitatione
422 1419 513 1453 potuit
539 1419 574 1444 de
596 1419 654 1444 iure
681 1419 826 1452 percipere
849 1419 876 1444 in
903 1418 1021 1451 pecunia
1048 1426 1095 1443 nu-

158 1460 274 1485 merata,
301 1454 425 1485 remittit,
453 1453 517 1487 quia
541 1453 656 1479 remittit
682 1453 757 1486 quod
782 1453 835 1478 sibi
861 1452 987 1484 debetur,
1010 1457 1037 1478 et
1061 1452 1096 1477 de

163 1498 218 1523 quo
235 1489 363 1514 solvisset
386 1488 532 1520 decimam,
555 1488 577 1513 si
600 1488 754 1521 recepisset
771 1487 847 1519 illud,
865 1491 976 1512 tenetur
994 1495 1027 1512 ex
1049 1487 1096 1512 tali

159 1523 355 1558 procuratione
377 1522 514 1548 decimam
540 1522 680 1548 exhibere.
725 1521 752 1547 Si
778 1529 843 1547 vero
862 1521 1096 1554 procurationem,

161 1566 245 1592 quam
267 1562 374 1582 tantum
395 1557 422 1582 in
446 1556 613 1581 victualibus
635 1556 699 1582 licet
721 1555 840 1589 percipi,
863 1555 982 1581 sortasse
1004 1555 1096 1581 remit-

159 1594 203 1618 tit:
231 1599 351 1626 persona
381 1591 579 1622 ecclesiastica,
605 1591 648 1615 cui
677 1590 805 1616 remissio
828 1590 901 1615 sacta
926 1594 978 1621 est,
1002 1590 1096 1615 huius—

160 1627 236 1652 modi
258 1625 389 1651 victualia
410 1633 473 1650 cum
496 1625 558 1650 aliis
581 1625 762 1658 proventibus
789 1624 856 1656 suis,
887 1632 972 1658 quum
997 1624 1096 1656 solvet,

161 1662 298 1686 decimam
327 1659 496 1692 aestimabit,
525 1667 620 1692 quum,
649 1659 759 1684 etiamsi
784 1667 840 1684 non
865 1663 941 1684 esset
970 1658 1096 1690 remissa,

160 1696 214 1721 hoc
229 1695 320 1720 facere
338 1698 488 1719 teneretur.
529 1695 559 1719 In
577 1693 712 1719 solvendo
736 1693 873 1718 decimam
892 1701 977 1726 supra
994 1692 1096 1718 dictam

160 1730 237 1756 solae
251 1736 391 1762 expensae
409 1728 596 1759 necessariae,
614 1735 687 1761 quae
701 1727 768 1752 fiunt
782 1727 809 1752 in
823 1736 861 1759 re,
875 1735 908 1753 ex
923 1736 978 1760 qua
990 1727 1096 1752 fructus

161 1764 350 1798 percipiuntur
376 1762 492 1794 arando,
518 1761 636 1787 colendo
659 1766 687 1787 et
711 1761 870 1794 colligendo
897 1761 1011 1793 fructus,
1037 1761 1096 1787 sine

161 1799 262 1832 quibus
280 1805 336 1822 non
354 1801 471 1830 possunt
489 1796 554 1822 inde
572 1796 677 1821 fructus
691 1796 807 1830 percipi,
825 1795 1008 1821 deducentur.
1044 1796 1096 1820 Ex-

160 1841 266 1866 pensae
288 1836 391 1863 autem,
413 1838 485 1864 quae
507 1830 575 1855 fiunt
597 1830 624 1855 in
643 1836 795 1855 castrorum
814 1829 987 1861 custodibus,
1011 1838 1096 1863 quum

161 1868 229 1892 siunt
243 1870 320 1892 extra
333 1873 401 1896 rem,
419 1865 463 1890 vel
477 1865 563 1890 etiarn
580 1864 607 1889 in
621 1864 754 1889 aedificiis
768 1863 961 1889 construendis
974 1864 1019 1889 vel
1033 1872 1096 1889 con-

161 1900 345 1931 servandisU,
363 1899 519 1924 nullatenus
538 1898 720 1929 deducentur,
741 1898 811 1924 sicut
829 1906 880 1923 nec
898 1898 962 1923 illae
980 1906 1051 1931 quae
1069 1898 1096 1923 in

161 1935 231 1960 villis
246 1934 357 1960 tuendis
372 1933 468 1958 fierent
487 1933 514 1958 in
527 1933 634 1966 guerris
650 1941 698 1958 seu
713 1933 796 1958 etiam
810 1932 969 1958 cavalcatis.
1006 1933 1049 1957 De
1063 1932 1095 1957 iis

163 1977 285 2003 quoque,
300 1976 371 2001 quae
390 1967 545 1992 consistunt
563 1967 589 1992 in
607 1966 806 1998 iurisdictione,
819 1974 896 1992 mero
915 1966 1041 2000 imperio,
1054 1975 1096 1992 re-

162 2003 271 2035 galibus
289 2008 374 2036 atque
397 2001 543 2032 similibus,
561 2001 684 2026 solvetur
706 2001 823 2032 decima,
843 2000 970 2026 deductis
989 2000 1096 2026 salariis

161 2036 323 2068 moderatis,
342 2043 414 2069 quae
431 2040 495 2060 ante
514 2035 725 2061 concessionem
744 2035 868 2060 decimae
891 2039 1096 2060 consueverunt

162 2072 230 2097 solvi
254 2070 392 2096 iudicibus
415 2074 442 2095 et
465 2069 640 2101 officialibus,
660 2069 854 2102 similibusque
878 2069 1014 2102 personis,
1037 2069 1096 2095 sine

162 2106 262 2140 quibus
286 2104 437 2130 iurisdictio
460 2109 487 2129 et
509 2109 602 2129 cetera
624 2103 725 2129 similia
746 2108 888 2137 nequeunt
906 2103 1041 2137 expediri,
1059 2103 1097 2128 ita

162 2147 263 2171 tamen,
283 2139 359 2173 quod
381 2139 407 2163 in
430 2138 557 2164 fraudem
575 2138 701 2164 decimae
718 2138 784 2163 nihil
803 2143 899 2163 contra
913 2138 966 2163 hoc
986 2138 1096 2171 penitus

161 2179 322 2200 attentetur.
359 2172 414 2198 Sed
433 2180 574 2206 expensae
592 2172 760 2204 officialium,
779 2172 901 2197 iudicum
919 2177 947 2198 et
969 2173 1096 2197 consinii-

163 2210 229 2234 lium
242 2215 433 2242 personarum,
445 2206 534 2232 factae
548 2207 574 2232 in
587 2207 712 2232 vestibus
726 2207 785 2232 sive
797 2206 973 2238 victualibus,
984 2206 1097 2232 minime

163 2243 346 2272 deducentur,
369 2241 439 2266 sicut
461 2249 512 2266 nec
533 2241 587 2266 alia
612 2249 751 2274 expensae
774 2241 888 2271 similes,
911 2240 1001 2266 factae
1025 2240 1097 2266 circa

163 2277 296 2303 familiam
310 2276 508 2310 praelatorum.
537 2275 656 2300 Ratione
669 2280 761 2300 autem
775 2275 846 2300 aeris
861 2275 953 2307 alieni,
967 2283 1022 2308 quo
1036 2283 1096 2308 per-

164 2320 242 2344 sona,
261 2311 372 2336 solvens
391 2310 539 2340 decimam,
558 2309 681 2341 obligata
699 2309 834 2341 consistit,
851 2309 917 2334 nihil
936 2309 971 2335 de
990 2309 1098 2335 decima

162 2346 310 2376 minuetur,
329 2344 438 2370 etiamsi
461 2348 552 2369 certae
575 2352 619 2369 res
641 2343 847 2369 ecclesiasticae
869 2348 985 2377 propter
1006 2344 1059 2369 hoc
1081 2352 1097 2369 a

164 2388 306 2414 quoquam
320 2378 421 2404 fuerint
435 2377 584 2411 obligatae.
611 2378 677 2403 Item
692 2378 727 2403 de
742 2378 828 2403 furnis
842 2382 869 2403 et
883 2377 918 2403 de
929 2377 1096 2403 molendinis

164 2415 273 2440 decima
285 2412 481 2447 praestabitur.
516 2412 645 2437 Solvetur
663 2417 755 2437 autem
774 2413 809 2438 de
827 2412 1024 2444 oblationibus,
1038 2412 1097 2437 sive

164 2449 229 2474 fiant
240 2456 290 2482 pro
301 2446 497 2473 benedictione
508 2446 682 2477 nubentium,
693 2447 750 2472 sive
761 2455 811 2480 pro
823 2446 962 2479 exsequiis
974 2451 1096 2471 mortuo-

163 2492 233 2514 rum,
247 2490 298 2508 nec
311 2490 366 2507 non
380 2481 415 2506 de
429 2481 610 2514 proventibus
624 2480 794 2513 singulorum
809 2481 1006 2514 praelatorum,
1020 2485 1047 2506 et
1062 2481 1096 2506 de

163 2517 300 2548 emendis,
315 2523 386 2548 quae
404 2515 439 2540 ab
458 2514 702 2540 excommunicatis
721 2515 899 2548 recipiuntur.
935 2516 979 2541 De
996 2515 1096 2548 legatis

165 2559 287 2585 quoque,
297 2550 350 2575 sibi
365 2554 391 2575 et
404 2549 465 2574 aliis
479 2550 604 2582 personis
619 2549 824 2580 ecclesiasticis,
835 2557 890 2574 non
903 2557 1095 2582 personarum,

163 2586 212 2612 sed
231 2584 411 2611 ecclesiarum
428 2583 471 2609 vel
489 2583 643 2609 officiorum
661 2583 769 2609 ratione
788 2583 899 2614 relictis,
914 2583 1022 2609 decima
1036 2591 1096 2617 per-

164 2620 296 2645 solvetur.
332 2619 384 2643 Pro
399 2617 506 2643 decima
519 2626 603 2651 supra
616 2617 690 2643 dicta
703 2625 758 2642 non
777 2617 953 2642 exhibebitur
969 2617 1096 2651 pecunia,

164 2654 215 2680 nisi
235 2653 281 2679 illa
294 2653 477 2678 communiter
495 2657 617 2678 curreret
635 2651 670 2677 de
687 2651 820 2676 mandato
838 2651 942 2677 domini
956 2656 1056 2684 terrae,
1069 2656 1097 2677 et

165 2697 236 2722 quae
254 2692 297 2714 est
315 2692 428 2712 moneta
446 2686 471 2711 in
486 2686 562 2718 locis,
576 2686 603 2711 in
623 2685 723 2719 quibus
741 2685 875 2711 consistet
893 2685 996 2711 fructus
1015 2691 1043 2711 et
1056 2694 1096 2712 re-

165 2723 248 2753 ditus,
259 2721 333 2747 unde
344 2721 451 2746 decima
462 2721 646 2754 persolvetur,
656 2728 707 2745 nec
718 2720 803 2753 aliqui
818 2720 964 2753 pecuniam
975 2720 1097 2746 cambire

166 2761 301 2789 cogentur
313 2755 442 2781 eandem.
479 2754 535 2780 Sed
549 2755 570 2780 si
584 2763 617 2780 ex
631 2754 823 2788 probabilibus
838 2762 886 2779 seu
901 2754 1097 2779 verisimilibus

166 2789 437 2824 praesumptionibus
456 2789 616 2822 apparuerit
635 2789 783 2822 quisquam
806 2788 929 2821 pensatis
952 2788 1011 2813 eius
1034 2796 1096 2822 pro-

167 2825 294 2850 ventibus
307 2824 397 2848 minus
411 2823 507 2849 debito
521 2822 681 2848 notabiliter
694 2823 730 2848 de
741 2822 849 2848 decima
862 2822 1039 2856 persolvisse,
1050 2822 1097 2854 ita,

169 2859 243 2891 quod
258 2865 341 2892 super
353 2858 407 2882 hoc
420 2857 519 2883 merito
533 2862 679 2891 suspectus
694 2857 797 2882 debeat
807 2856 942 2890 reputari:
960 2864 993 2881 ex
1005 2856 1096 2881 officio

167 2898 261 2917 nostro
283 2901 334 2926 per
351 2892 424 2917 viros
447 2891 563 2917 idoneos
581 2891 758 2925 deputandos
776 2899 792 2916 a
809 2890 889 2916 nobis
908 2890 1041 2916 faciemus
1058 2891 1096 2915 in-

169 2927 237 2958 quiri
252 2927 286 2951 ab
301 2926 362 2957 illis,
374 2926 419 2959 qui
434 2934 518 2959 super
530 2926 583 2951 hoc
596 2926 667 2952 scire
677 2925 788 2951 valeant
801 2925 956 2956 veritatem,
967 2924 1097 2950 videlicet

169 2961 203 2985 de
221 2960 335 2985 consilio
352 2960 511 2986 dioecesani
529 2960 666 2994 episcopi,
683 2959 727 2986 vel
748 2960 863 2986 alicuius
885 2958 1040 2992 deputandi
1061 2959 1097 2984 ab

217 3070 267 3088 Tit.
282 3070 331 3089 VII.
363 3070 424 3094 Cap,
444 3076 481 3090 un.
526 3071 547 3094 3)
558 3070 687 3092 exhibetur:
701 3071 728 3090 sb.
781 3070 814 3094 10)
829 3071 942 3091 obtinent:
960 3069 986 3090 ib.

568 244 783 271 IQXTRAYAG.
804 243 976 270 COMMUN.
996 243 1062 270 LlB.
1080 244 1124 270 111.
1144 243 1213 270 TIT.
1233 243 1290 269 vlt.
1310 243 1361 269 DE
1379 242 1538 269 DECIMIS.
1557 251 1580 269 c.
1600 252 1644 269 un.

1044 3069 1077 3095 11)
1091 3069 1127 3090 vel
1142 3074 1215 3090 coum:
1229 3069 1298 3090 deest:
1311 3069 1338 3090 ib.

1994 243 2060 269 1276

1126 321 1133 346 i
1157 329 1197 353 so,
1211 321 1233 347 si
1248 321 1282 347 sit
1296 320 1355 346 eius
1374 320 1512 352 subditus,
1526 324 1553 346 et
1570 328 1625 345 non
1643 321 1731 353 aliter,
1745 320 1767 346 si
1781 320 1928 354 episcopus
1943 320 2002 354 ipse
2015 320 2059 346 vel

1147 360 1276 389 eputatus
1295 355 1330 380 ab
1350 363 1383 380 co
1402 354 1551 380 commode
1568 355 1657 388 possit
1670 355 1774 380 haberi.
1811 355 1845 380 Et
1858 359 1922 380 tunc
1937 354 2059 387 demum,

1129 394 1157 415 et
1174 398 1229 415 non
1247 389 1332 424 prius,
1350 389 1406 421 ille,
1423 388 1501 414 cuius
1520 392 1671 422 proventus
1689 389 1790 414 fuerint
1804 389 1894 415 taliter
1911 389 2059 421 aestimati,

1126 432 1176 457 pro
1191 432 1234 456 eo,
1248 423 1323 457 quod
1342 423 1432 448 minus
1450 423 1573 454 solverit,
1589 422 1673 448 etiam
1690 423 1853 449 nominatim
1872 423 2058 449 excommuni-

1129 458 1244 490 cabitur,
1255 458 1278 483 si
1290 458 1349 484 eius
1361 457 1535 483 contumacia
1546 457 1714 489 exegerit,et
1724 457 1812 482 visum
1824 457 1907 483 fuerit
1917 457 2059 490 expedire.

1127 492 1259 526 Episcopi
1281 498 1374 518 autem
1393 497 1421 517 et
1439 492 1556 517 abbates
1579 496 1747 524 ceteraeque
1768 500 1906 524 personae
1929 491 2058 517 ccclesia-

1131 527 1226 558 sticae‚
1248 526 1436 558 honorabiles,
1458 534 1514 551 non
1539 530 1700 559 suspectae,
1722 525 1852 559 propriae
1874 526 2060 552 conscientiae

1127 560 1328 594 relinquantur,
1346 561 1392 592 ita,
1406 560 1482 593 quod
1501 559 1619 585 sufficiat
1642 559 1735 593 quoad
1753 560 1822 585 tales
1840 560 2060 586 excommunica-

1129 594 1211 620 tionis
1225 595 1372 625 sententia‚
1386 603 1457 628 quae
1477 595 1503 619 in
1521 594 1596 619 nullo
1613 593 1699 619 modo
1717 593 1866 625 solventes,
1879 595 1923 620 vel
1941 595 2061 620 scienter

1128 628 1294 654 adhibentes
1308 629 1434 654 fraudem
1447 629 1490 654 vel
1508 628 1642 653 malitiam
1659 627 1731 653 circa
1749 627 1834 661 ipsius
1849 628 1973 654 decimae
1987 629 2060 654 solu-

1129 663 1232 688 tionem
1250 663 1419 696 generaliter
1440 662 1606 697 proserctur.
1643 663 1733 696 Super
1749 662 1791 687 his
1810 666 1904 687 autem
1922 662 1968 688 fiet
1986 671 2060 688 com-

1129 697 1220 730 pulsio
1239 706 1288 730 per
1305 706 1449 723 censuram
1468 697 1696 728 ecclesiasticam,
1714 700 1796 730 prout
1814 696 1894 721 nobis
1913 701 1939 722 et
1957 697 2004 729 illi,
2017 697 2060 723 cui

1129 732 1181 756 hoc
1195 732 1425 757 committendum
1439 731 1608 762 duxerimus,
1621 731 1712 756 visum
1725 730 1806 756 fucrit
1820 730 1960 764 expedire.
1996 732 2060 757 Pro-

1129 765 1232 791 feratur
1253 770 1356 798 autem,
1374 766 1396 791 si
1419 766 1570 799 expediens
1593 765 1683 790 visum
1704 764 1795 796 fucrit,
1812 765 2060 791 excommunicatio

1129 800 1296 832 generaliter
1317 801 1360 826 vel
1383 800 1543 834 specialiter
1566 800 1591 825 in
1616 808 1675 831 eos,
1701 799 1747 832 qui
1773 803 1867 824 contra
1892 799 2060 826 solutionem

1131 833 1256 860 decimae
1281 834 1325 860 vel
1355 843 1467 859 suorum
1496 834 1719 860 aestimationem
1750 837 1950 866 proventuum,
1976 842 2061 867 quum

1130 867 1211 893 fuerit
1225 867 1364 899 facienda,
1378 868 1505 894 fraudem
1519 869 1563 894 vcl
1580 868 1714 894 malitiam
1732 867 1852 893 scienter
1870 867 1998 893 duxerint
2014 868 2062 894 ad-

1130 902 1292 927 hibendam.
1328 902 1390 928 Fiet
1407 907 1501 928 autem
1519 903 1620 928 solutio
1635 902 1760 928 decimae
1773 910 1829 926 non
1843 910 1876 927 ex
1889 901 1956 935 ipsis
1970 902 2062 935 rebus,

1131 944 1203 969 quae
1216 936 1406 970 percipiuntur
1420 937 1455 962 de
1468 937 1659 970 proventibus,
1672 936 1723 962 sed
1737 936 1764 961 in
1778 936 1895 969 pecunia
1908 940 2062 962 numerata.

1131 971 1260 996 Solvetur
1269 975 1363 996 autem
1375 971 1483 996 decima
1493 971 1632 1004 illis‚quos
1642 971 1757 996 adhaec
1767 970 1914 1003 contigerit
1925 970 2063 1004 deputari.

1131 1005 1236 1030 Rector
1246 1005 1422 1038 parochialis,
1434 1005 1481 1038 qui
1492 1010 1608 1038 urgente
1619 1005 1786 1031 necessitate
1800 1004 1936 1030 ecclesiae
1945 1006 1976 1037 ¹²,
1987 1009 2062 1039 puta,

1131 1039 1197 1073 quia
1210 1039 1270 1072 ipse
1284 1039 1435 1064 residendo
1454 1039 1638 1073 personaliter
1655 1039 1682 1064 in
1696 1039 1795 1065 eadem
1812 1047 1863 1072 per
1876 1047 1906 1064 se
1919 1047 1974 1064 non
1987 1039 2063 1065 suffi-

1131 1078 1207 1099 ceret
1228 1073 1281 1107 ipsi
1303 1081 1386 1099 curae
1407 1078 1522 1107 propter
1543 1073 1748 1099 multitudinem
1769 1073 2002 1107 parochianorum
2019 1073 2063 1099 vel

1131 1108 1297 1133 divisionem
1318 1107 1468 1141 parochiae
1491 1115 1567 1139 suae,
1590 1108 1640 1133 sed
1662 1116 1779 1133 necesse
1801 1108 1885 1133 habet
1907 1116 2001 1140 unum,
2018 1108 2063 1134 vel

1132 1142 1211 1173 duos,
1224 1142 1268 1168 vel
1281 1142 1374 1175 plures
1388 1142 1547 1175 capellanos
1561 1141 1726 1174 conducere,
1737 1146 1764 1167 et
1778 1142 1817 1167 eis
1831 1146 1946 1175 propter
1959 1142 2062 1168 victum

1131 1176 1261 1202 salarium
1275 1176 1455 1208 constituere,
1466 1176 1596 1201 salarium
1609 1176 1768 1201 huiusmodi
1782 1176 1883 1209 poterit
1897 1176 1924 1201 in
1937 1176 2063 1202 decimae

1132 1211 1270 1236 solutione
1288 1211 1442 1241 dcducere;
1465 1210 1516 1236 sed
1533 1210 1640 1236 ratione
1657 1210 1746 1236 victus
1765 1210 1971 1244 capellanorum
1989 1211 2063 1245 ipso-

1131 1253 1192 1270 rum
1204 1245 1310 1278 aliquid
1328 1253 1383 1270 non
1402 1244 1533 1271 deducet.
1571 1244 1676 1278 Quodsi
1694 1244 1721 1270 in
1735 1244 1851 1270 diversis
1865 1244 2021 1270 civitatibus
2035 1249 2064 1271 et

1131 1279 1309 1305 dioecesibus
1332 1279 1443 1305 diversa
1465 1279 1601 1305 beneficia
1623 1279 1812 1304 obtineantur:
1838 1278 1874 1304 de
1895 1287 2064 1313 unoquoque

1131 1313 1268 1340 beneficio
1282 1313 1309 1338 in
1322 1313 1434 1339 civitate
1446 1313 1491 1339 vel
1510 1313 1642 1345 dioecesi,
1656 1313 1683 1338 in
1702 1321 1757 1346 qua
1769 1312 1837 1338 illud
1851 1312 1941 1345 fuerit,
1956 1313 2064 1339 decima

1132 1348 1315 1382 persolvetur.
1352 1348 1396 1373 De
1417 1348 1602 1380 eleemosynis
1625 1355 1691 1373 vero
1709 1355 1759 1373 seu
1777 1347 1973 1380 oblationibus,
1991 1347 2063 1373 datis

1132 1383 1167 1408 ad
1190 1391 1260 1416 opus
1283 1382 1414 1414 fabricae,
1433 1386 1461 1408 et
1481 1382 1600 1407 maxime
1618 1382 1653 1407 de
1671 1381 1714 1407 his
1733 1381 1930 1414 oblationibus,
1948 1390 2019 1415 quae
2035 1381 2063 1407 in

1132 1417 1290 1442 civitatibus
1308 1421 1336 1442 et
1353 1416 1493 1450 aliquibus
1512 1416 1609 1442 castris
1627 1420 1655 1442 et
1672 1416 1741 1441 locis
1759 1416 1894 1441 dictarum
1911 1415 2064 1449 provincia-

1132 1459 1192 1476 rum
1206 1451 1232 1476 in
1250 1451 1332 1476 certis
1351 1450 1548 1476 festivitatibus
1566 1451 1593 1475 in
1611 1450 1733 1476 candelis
1746 1454 1775 1476 et
1787 1450 1847 1475 aliis
1861 1454 2065 1476 consueverunt

1133 1485 1191 1510 dari
1205 1490 1233 1511 et
1246 1485 1347 1517 offerri,
1358 1485 1394 1510 ad
1408 1493 1478 1519 opus
1492 1484 1612 1510 fabricae
1623 1484 1774 1518 deputatis,
1786 1484 1895 1510 decima
1906 1493 1962 1510 non
1975 1485 2065 1511 solve-

1132 1525 1184 1545 tur.
1221 1519 1353 1545 Similiter
1374 1527 1426 1545 nec
1448 1519 1484 1545 de
1506 1519 1558 1544 illis
1581 1519 1779 1551 oblationibus,
1802 1527 1874 1552 quae
1899 1519 2065 1553 colliguntur

1132 1553 1271 1580 interdum
1285 1562 1335 1587 per
1348 1554 1443 1585 laicos,
1457 1554 1504 1587 qui
1518 1554 1699 1579 consortiales
1714 1553 1850 1585 dicuntur,
1863 1553 2002 1579 interdum
2015 1561 2066 1587 per

1132 1589 1256 1620 clericos,
1268 1596 1341 1622 quae
1351 1588 1387 1613 ad
1401 1596 1471 1622 opus
1485 1587 1615 1613 consortii
1629 1588 1806 1620 reducuntur,
1818 1592 1846 1613 et
1860 1595 1932 1621 quae
1946 1587 2065 1613 offerun-

1133 1627 1185 1655 tur,
1203 1627 1232 1648 ut
1250 1622 1395 1648 luminaria
1412 1622 1439 1647 in
1457 1622 1583 1654 ecclesia,
1601 1630 1697 1648 cruces
1719 1626 1747 1648 et
1769 1621 1868 1647 calices
1890 1621 1958 1647 fiant
1979 1626 2007 1647 et
2023 1630 2065 1648 re-

1132 1662 1273 1691 parentur,
1287 1661 1314 1682 et
1328 1657 1412 1682 etiam
1426 1665 1459 1682 ex
1473 1657 1525 1682 illis
1538 1657 1708 1690 pauperibus
1722 1656 1911 1688 subveniatur,
1924 1660 1953 1682 et
1965 1656 2064 1690 sepeli-

1132 1696 1214 1716 antur
1231 1699 1350 1725 corpora
1369 1699 1523 1725 pauperum
1541 1691 1745 1716 defunctorum.
1781 1690 1900 1716 Praelati
1921 1695 2016 1716 autem
2037 1694 2066 1717 et

1133 1725 1224 1751 clerici
1247 1726 1367 1757 exsules,
1390 1726 1579 1758 cuiuscunque
1602 1725 1767 1750 conditionis
1789 1729 1837 1750 aut
1854 1724 1997 1758 dignitatis
2019 1733 2065 1750 ex-

1132 1760 1241 1791 sistant,
1259 1760 1295 1785 de
1313 1760 1369 1785 suis
1388 1759 1568 1793 proventibus
1586 1759 1782 1785 ecclesiasticis
1801 1759 1939 1785 decimam
1960 1759 2066 1793 persol-

1131 1799 1206 1820 vent.
1231 1794 1295 1819 Illae
1309 1802 1422 1827 quoque
1436 1801 1586 1827 expensae,
1600 1802 1672 1827 quae
1685 1793 1753 1819 fiunt
1766 1802 1816 1827 pro
1830 1793 1942 1819 fossatis
1956 1797 1984 1819 et
1996 1793 2064 1819 alias

1132 1836 1182 1862 pro
1205 1829 1284 1854 terris
1306 1827 1496 1859 aedificandis,
1514 1832 1544 1853 ut
1561 1828 1704 1854 uberiores
1726 1828 1831 1853 fructus
1852 1827 2016 1861 producant,
2037 1831 2066 1853 et

1133 1862 1204 1893 illae,
1218 1870 1290 1896 quae
1304 1862 1371 1887 fiunt
1385 1862 1412 1887 in
1426 1861 1624 1887 conservandis
1638 1866 1666 1887 et
1683 1862 1846 1895 reparandis
1859 1861 1992 1887 aedificiis
2005 1869 2065 1887 mo-

1131 1896 1317 1928 lendinorum,
1332 1896 1488 1927 domorum,
1502 1904 1550 1921 seu
1569 1896 1768 1930 apothecarum
1786 1900 1813 1922 et
1831 1895 1970 1928 similium,
1985 1900 2013 1921 et
2031 1904 2065 1922 ex

1133 1931 1233 1964 quibus
1247 1930 1351 1956 fructus
1365 1935 1393 1956 et
1411 1930 1560 1964 pensiones
1578 1931 1757 1964 recipiuntur,
1771 1935 1808 1962 et,
1820 1930 1873 1956 nisi
1891 1934 2064 1964 reparentur,

1132 1966 1237 1990 fructus
1255 1973 1289 1990 ex
1307 1965 1346 1990 eis
1365 1964 1472 1998 percipi
1491 1973 1546 1990 non
1563 1965 1697 1997 valerent,
1722 1965 1757 1990 de
1777 1964 1886 1990 decima
1904 1964 2065 1991 huiusmodi

1132 1999 1244 2024 minime
1259 1999 1441 2031 deducentur,
1454 2007 1506 2024 nec
1520 1998 1603 2024 etiam
1621 1999 1694 2031 illae,
1708 2007 1779 2032 quae
1793 1998 1861 2024 fiunt
1874 2007 1924 2032 pro
1938 1999 2066 2025 custodia

1133 2038 1296 2065 castrorum,
1310 2033 1436 2066 quamvis
1454 2033 1521 2058 fiant
1538 2033 1658 2059 maiores
1677 2033 1769 2059 solito.
1805 2034 1922 2067 Insuper
1940 2033 1975 2059 de
1989 2033 2065 2059 obla-

1133 2068 1254 2094 tionibus
1276 2067 1478 2099 minutissimis,
1501 2076 1570 2101 quas
1592 2067 1750 2101 percipiunt
1772 2067 1978 2093 ecclesiasticae
2003 2076 2064 2101 per-

1132 2110 1218 2128 sonae
1232 2101 1339 2127 ratione
1357 2101 1536 2128 ecclesiarum
1554 2110 1677 2133 suarum,
1690 2110 1740 2136 pro
1759 2102 1909 2136 sepulturis
1923 2106 1951 2127 et
1965 2101 2065 2128 dandis

1133 2136 1320 2170 poenitentiis,
1331 2136 1440 2162 decima
1450 2136 1634 2170 persolvetur.
1659 2137 1694 2162 Et
1704 2136 1770 2170 quia
1779 2144 1835 2162 non
1846 2136 1964 2162 occurrit
1974 2136 2065 2169 nobis,

1133 2171 1199 2204 quin
1214 2170 1394 2204 quotidianae
1408 2170 1617 2196 distributiones
1636 2175 1788 2204 proventus
1802 2170 1982 2196 ecclesiastici
1996 2170 2063 2197 sint:

1133 2206 1168 2231 de
1182 2205 1432 2237 distributionibus,
1447 2213 1519 2238 quae
1533 2205 1634 2230 dantur
1647 2205 1673 2230 in
1691 2205 1765 2230 horis
1780 2205 1919 2230 canonicis
1933 2212 2064 2239 praesen-

1133 2240 1216 2271 tibus,
1235 2239 1339 2265 debere
1357 2239 1426 2264 solvi
1444 2239 1581 2264 decimam
1600 2239 1783 2265 declaramus.
1819 2239 1858 2265 Illi
1877 2247 1998 2273 quoque,
2017 2239 2064 2273 qui

1133 2273 1258 2307 deputati
1285 2273 1387 2299 fuerint
1411 2273 1447 2298 ad
1472 2273 1666 2299 collectionem
1691 2273 1830 2306 decimae,
1855 2282 1917 2299 cum
1942 2273 1992 2305 eis,
2017 2273 2064 2307 qui

1133 2308 1237 2334 debent
1260 2308 1369 2333 solvere
1391 2307 1538 2339 decimam,
1556 2308 1592 2334 de
1609 2308 1703 2342 aliqua
1720 2312 1796 2333 certa
1808 2316 1918 2333 summa
1930 2307 2065 2334 solvenda

1133 2351 1182 2376 pro
1202 2342 1311 2368 decima
1328 2347 1470 2375 nequeunt
1488 2343 1646 2368 convenire.
1682 2343 1726 2368 De
1741 2342 1876 2368 fructibus
1894 2342 2025 2368 arborum
2037 2346 2066 2368 et

1133 2378 1277 2402 hortorum
1287 2377 1411 2402 solvetur
1421 2376 1538 2402 decima.
1560 2377 1604 2402 De
1615 2377 1657 2402 his
1668 2381 1771 2409 autern,
1783 2385 1855 2410 quae
1866 2381 2066 2402 consumuntur

1134 2419 1184 2436 usu
1197 2411 1241 2436 vel
1255 2419 1304 2436 esu
1317 2410 1487 2443 animalium,
1501 2410 1522 2435 si
1537 2411 1591 2436 sint
1610 2411 1798 2443 ecclesiarum,
1812 2411 1934 2437 solvetur
1947 2410 2064 2443 decima,

1133 2445 1261 2471 deductis
1279 2445 1409 2478 expensis
1426 2445 1601 2478 necessariis,
1625 2453 1696 2479 quae
1717 2445 1786 2470 fiunt
1807 2453 1858 2479 pro
1879 2445 2019 2476 custodia;
2042 2446 2065 2470 si

1133 2487 1198 2505 vero
1218 2484 1281 2505 sunt
1304 2487 1495 2513 personarum,
1514 2479 1623 2505 decima
1639 2487 1695 2505 non
1712 2479 1844 2505 solvetur.
1881 2480 1924 2505 Tu
1942 2487 2019 2513 ergo,
2036 2479 2064 2504 in

1132 2514 1174 2539 his
1197 2514 1287 2539 solum
1309 2514 1401 2539 Deum
1422 2518 1449 2539 et
1473 2513 1605 2539 iustitiam
1627 2522 1677 2547 pro
1702 2513 1864 2547 praemissis
1887 2522 1954 2547 prae
1977 2513 2063 2539 oculis

1132 2548 1248 2580 habens,
1267 2556 1299 2573 ex
1321 2547 1471 2581 praedictis
1494 2547 1727 2573 declarationibus
1746 2548 1773 2573 in
1791 2547 1954 2574 decidendis
1971 2547 2064 2573 huius-

1133 2583 1207 2608 modi
1222 2582 1451 2614 dubitationibus,
1466 2591 1538 2615 quae
1551 2591 1600 2616 pro
1614 2587 1693 2616 parte
1708 2582 1805 2608 leviter
1819 2582 1909 2608 decidi
1923 2585 2062 2616 poterunt,

1132 2616 1372 2642 confirmationem
1385 2616 1505 2649 accipias
1512 2626 1518 2647 ;
1541 2625 1625 2650 super
1642 2616 1793 2642 maioribus
1806 2624 1872 2642 vero
1892 2616 2062 2642 decisionem

1132 2651 1278 2684 apostolici
1292 2650 1395 2676 oraculi
1409 2655 1566 2684 exspectes.
1602 2651 1737 2676 Volumus
1756 2659 1868 2684 quoque
1886 2654 1914 2676 et
1932 2658 2061 2684 praesen-

1133 2685 1199 2710 tium
1218 2685 1255 2710 ibi
1273 2684 1437 2711 auctoritate
1454 2685 1629 2717 mandamus,
1642 2689 1672 2710 ut
1689 2685 1717 2710 in
1730 2693 1955 2718 unamquamque
1968 2691 2062 2719 perso-

1132 2727 1196 2745 nam
1213 2719 1431 2745 ecclesiasticam
1449 2719 1645 2752 deputatarum
1662 2719 1711 2744 tibi
1729 2719 1857 2753 partium,
1875 2720 2062 2752 cuiuscunque

1133 2753 1248 2785 ordinis,
1267 2753 1433 2778 conditionis
1455 2754 1499 2779 vel
1521 2753 1663 2787 dignitatis
1685 2753 1809 2786 exsistat,
1832 2761 1904 2787 quae
1925 2752 2061 2779 decimam

1133 2788 1138 2813 i
1163 2796 1223 2813 sam
1240 2787 1315 2812 nullo
1333 2787 1418 2812 modo
1436 2787 1479 2813 vel
1501 2795 1556 2813 non
1575 2787 1683 2821 integre
1697 2787 1824 2820 scienter,
1837 2792 1885 2813 aut
1896 2795 1951 2813 non
1964 2793 2060 2812 secun-

1133 2830 1199 2847 ‹um
1220 2829 1315 2847 verum
1337 2821 1461 2847 valorem
1483 2821 1621 2847 fructuum
1644 2830 1755 2847 suorum
1777 2825 1980 2856 perceptorum,
2003 2819 2062 2846 sive

1133 2865 1187 2881 non
1200 2856 1227 2881 in
1241 2855 1365 2882 terminis
1379 2855 1535 2881 constitutis
1549 2856 1714 2888 exhibuerit,
1727 2864 1777 2882 seu
1791 2856 1818 2881 in
1836 2856 1943 2881 illorum
1956 2854 2060 2880 exhibi—

1133 2890 1208 2916 tione
1221 2890 1355 2915 malitiam
1369 2890 1537 2915 commiserit
1551 2890 1609 2916 sive
1623 2890 1758 2922 fraudem,
1770 2887 2059 2916 excommunicationis

1133 2924 1300 2950 sententiam
1310 2924 1474 2950 auctoritate
1484 2929 1579 2950 nostra
1589 2925 1749 2958 promulges
1761 2928 1788 2950 et
1797 2923 1880 2950 etiam
1891 2922 1917 2947 in
1927 2921 2061 2955 singulos,

1133 2959 1179 2992 qui
1206 2958 1326 2985 scienter
1350 2958 1581 2992 impedimentum
1606 2959 1795 2993 praestiterint
1820 2957 1924 2983 directe
1948 2957 1993 2982 vel
2021 2956 2060 2982 in-

1391 3068 1424 3094 12)
1435 3074 1501 3090 curae
1511 3069 1633 3090 ecclesiae:
1646 3068 1674 3088 ib.
