2243 3288
156 264 223 291 1109

155 342 223 368 alias
258 341 453 375 promovendo
487 341 524 367 ad
560 342 683 376 aliquam
720 342 900 380 dignitatem,
937 341 1097 368 evidentem

157 375 290 402 scientiae
303 375 349 401 vel
361 375 447 401 alium
460 384 600 410 personae
614 376 757 402 defectum
770 384 875 415 opponi
889 376 1042 409 contingat,
1062 377 1096 402 de

156 411 202 436 illo
216 410 344 448 primitus
358 415 552 443 cognoscatur,
567 416 604 442 et,
617 411 640 436 si
652 416 844 450 opponentem
857 410 1002 436 inventum
1015 397 1097 437 frierit

157 444 271 470 destitui
285 443 412 477 veritate,
426 453 442 470 a
452 453 554 471 causae
568 431 640 471 illius
654 445 853 484 prosecutione
866 445 990 470 totaliter
1003 445 1038 471 sit
1052 454 1096 472 οΧ-

155 479 258 516 clusus,
280 483 309 504 et
330 478 399 504 alias
421 479 563 517 puniatur,
584 487 617 505 ac
639 480 662 505 si
685 479 712 505 in
734 479 909 505 obiectorum
930 479 1097 518 probatione

156 512 281 538 omnium
294 513 457 545 defecisset,
471 522 498 538 in
512 514 569 545 illo,
583 513 629 547 qui
643 513 824 540 manifestum
834 513 995 539 defectum'
990 523 1016 539 m
1027 515 1096 546 visu,

155 546 252 572 auditu
270 551 298 572 et
315 547 376 573 aliis
395 548 520 581 corporis
534 548 674 580 sensibus,
692 556 744 574 nec
758 556 814 573 non
826 552 855 573 et
868 547 895 573 in
907 549 1051 581 memoria,
1068 554 1097 574 et

151 581 236 607 etiam
258 581 401 607 intellectu
425 582 543 621 opponit
561 583 661 613 electo,
683 583 775 608 locum
797 582 928 614 habere1,
951 591 984 608 ac
1002 583 1095 616 quoad

153 615 338 641 intentionem
369 616 577 642 constitutionis
607 617 694 650 ipsius
719 616 900 642 manifestum
925 622 953 642 et
979 617 1094 643 evidens

152 649 229 675 idem
253 658 421 688 supponere
451 651 636 677 declaramus.
684 650 705 684 ξ.
731 659 752 676 1.
782 651 915 676 Ceterum
945 652 1094 677 canonicos

152 684 275 710 cuiusvis
294 685 440 717 ecclesiae,
459 685 507 718 qui
525 690 660 711 statutum
678 685 804 711 fecerunt
817 685 971 724 solenniter
984 690 1012 712 et
1025 686 1094 712 iura-

152 723 249 744 mento
271 718 425 751 firmarunt,
449 719 525 753 quod
544 720 693 745 ecclesiam
711 728 790 745 suam
808 724 835 745 et
854 727 884 745 se
904 719 980 753 ipsos
999 726 1095 746 contra

154 761 252 779 omnes
285 753 487 787 impetrantes-'
524 754 717 780 canonicatum
753 754 840 788 ipsius
877 755 1013 780 ecclesiae
1048 755 1095 781 de-

153 787 302 813 fenderent
323 796 413 821 usque
434 788 471 814 ad
489 789 530 813 ius
549 788 594 814 vel
612 788 790 821 sententiam,
812 793 947 822 quantum
968 794 1094 822 possent

152 821 189 847 ad
202 822 336 848 iudicium
350 822 455 848 domini
469 823 571 856 Papae,
585 823 630 848 vel
643 823 773 856 specialis
786 823 911 848 mandati
925 823 1053 849 eiusdem
1067 829 1095 850 et

153 856 230 889 quod
255 857 450 882 communibus
479 857 610 890 expensis
640 865 672 882 ac
697 865 760 882 cum
785 858 976 890 procuratorio
1002 859 1093 891 sigillo

152 891 266 924 capituli
284 891 405 924 sigillato
423 891 524 917 eadem
541 891 669 917 defensio
692 891 781 924 fieret,
804 896 832 917 et
851 892 937 925 quod,
959 893 1094 926 quamdiu

151 925 253 958 aliquis
272 911 326 951 (1οῠ
326 925 468 951 canonicis
486 925 615 951 eiusdem
633 926 770 951 ecclesiae
789 925 984 952 defensionem
1001 927 1094 952 huius-

151 959 229 984 modi
247 964 276 985 et
293 960 504 993 oppositionem
521 960 605 985 vellet
627 960 791 998 praedicto3
813 960 898 986 modo
921 961 1025 992 subire,
1047 961 1093 987 alii

150 993 276 1020 canonici
291 1002 346 1020 non
359 998 478 1028 possent
491 1002 543 1020 nec
557 994 694 1032 deberent
713 1003 838 1028 reeipere
857 995 901 1020 in4
919 996 1093 1027 canonicum,

149 1036 204 1053 nec
226 1028 331 1054 habere
353 1037 404 1062 pro
427 1028 561 1054 canonico
584 1028 612 1054 in
634 1029 756 1062 capitulo
774 1029 819 1055 vel
841 1034 918 1055 extra
940 1030 1094 1063 capitulum

151 1062 360 1096 impetrantem,
379 1063 587 1097 conspiratores
605 1068 633 1089 et
652 1063 844 1089 coniuratores
857 1069 955 1089 contra
968 1069 1094 1090 sanctam

150 1097 307 1135 Romanam
321 1097 478 1129 ecclesiam,
496 1106 528 1123 ac
541 1097 710 1129 libertatem,
729 1098 919 1124 obedientiam
933 1103 961 1124 et
974 1099 1092 1124 auctori-

151 1136 238 1157 tatem
255 1131 343 1170 ipsius
357 1131 544 1164 decernimus,
563 1136 591 1158 et
605 1132 723 1158 eosdem
741 1137 875 1171 tanquam
885 1133 1093 1166 conspiratores

150 1166 201 1221 ac5
213 1167 404 1191 coniuratores
418 1166 573 1192 secundum
586 1166 745 1192 sanctiones
759 1167 907 1192 canonicas
926 1167 1092 1201 puniendos.

202 1200 370 1226 .Statutum
388 1209 503 1239 quoque
520 1201 622 1234 ipsum,
644 1201 720 1234 quod
742 1201 864 1234 capitulo
887 1202 1043 1235 praelibato
1065 1206 1093 1228 et

149 1201 269 1268 singulis
291 1235 351 1260 eius
374 1235 503 1268 personis
525 1235 694 1267 libertatem,
720 1235 912 1261 obedientiam
933 1236 1027 1262 eidem
1048 1245 1092 1262 ec-

150 1269 252 1295 clesiae
280 1269 426 1295 Romanae
455 1269 582 1295 debitam
614 1270 765 1295 exhibendi
799 1270 899 1296 saltem
934 1278 1024 1304 usque
1056 1271 1093 1296 ad

150 1304 320 1330 sententiam
353 1308 381 1329 et
414 1304 579 1330 Pontificum
612 1304 838 1330 Romanornmss*
873 1304 1007 1330 iudicium
1042 1313 1092 1331 seu

150 1338 273 1371 speciale
286 1338 451 1364 mandatum
469 1338 576 1372 liquido
591 1339 740 1370 interdicit,
758 1343 919 1377 promptum
937 1339 1092 1365 futurorum

149 1373 343 1405 gravaminum
356 1377 383 1398 et
397 1381 584 1406 expensarum
598 1359 748 1398 discrimen
766 1373 896 1406 ingerens
916 1379 1012 1399 contra
1024 1374 1091 1407 legi-

149 1407 231 1432 timas
250 1407 420 1439 sanctiones,
438 1407 580 1433 laudabile
599 1412 696 1433 votum
713 1408 916 1433 exsecrantium
929 1408 992 1434 lites
1006 1413 1092 1440 vetat,

149 1441 281 1467 iniustam
298 1442 377 1467 litem
394 1450 508 1467 movere
523 1442 675 1475 compellit,
694 1442 806 1480 iniquae
820 1443 1027 1468 controversiae
1041 1451 1091 1468 seu

148 1475 190 1501 liti
204 1476 342 1508 cedend0‚
360 1477 464 1502 bonam
482 1476 569 1502 fidem
581 1485 631 1502 seu
647 1476 848 1502 conscientiam
861 1485 1016 1509 agnoscere
1021 1485 1091 1515 pro-

149 1510 237 1542 hibet,
251 1516 279 1536 et
292 1496 398 1543 adigit¹
415 1511 452 1536 ad
470 1511 654 1544 peccandum,
674 1510 911 1544 conspirationem
924 1515 953 1536 et
966 1511 1091 1537 coniura-

148 1545 255 1570 tionem
276 1545 420 1571 continere
441 1550 537 1571 contra
559 1545 719 1571 libertatem
742 1550 769 1570 et
794 1545 990 1571 auctoritatem
1015 1546 1091 1571 sedis

147 1579 322 1612 apostolicae
335 1579 493 1612 manifeste,
511 1588 543 1606 ac
557 1580 625 1606 alias
639 1579 808 1606 detestabile
827 1588 1000 1614 prorsusque
1015 1580 1091 1606 illici-

150 1618 208 1639 tum
221 1619 393 1648 reputamus.

549 1667 565 1685 C
572 1667 591 1685 A
597 1667 622 1685 P.
638 1666 677 1685 111.
685 1665 693 1679 ¹

146 1701 282 1720 Coustitutio
297 1701 442 1724 amplissima,
454 1707 524 1725 paene
540 1703 631 1720 cunetas
647 1700 764 1720 declarans
779 1700 947 1723 haesitationes,
959 1706 1016 1725 quae
1031 1702 1092 1720 eirca

146 1727 193 1746 divi
202 1727 319 1746 Francisci
335 1728 433 1751 regulam
449 1728 581 1750 contingere
591 1729 694 1750 possunt3
709 1727 840 1750 praesertim
851 1732 879 1745 an
893 1727 973 1745 fratres
983 1727 1090 1749 MinoreS,

146 1758 201 1776 quos
213 1752 347 1777 Cordigeros
357 1756 446 1775 vocant,
457 1753 519 1772 illius
535 1753 624 1776 regulae
638 1753 783 1776 professores,
794 1753 839 1771 sint
849 1753 877 1771 ad
893 1753 969 1772 omnia
978 1753 1091 1777 evangelii

147 1779 243 1797 consilia.
253 1779 355 1802 obligati.
383 1779 411 1797 Et
422 1781 495 1797 utrum
506 1779 590 1802 aliquid
602 1778 715 1802 proprium
726 1778 816 1801 habero,
824 1780 845 1797 et
854 1779 972 1801 pecuniam
984 1780 1090 1803 recipere

146 1804 265 1829 legataque
280 1805 323 1824 sibi
339 1805 418 1824 relicta
431 1810 553 1828 agnoscere
568 1805 665 1826 valeant.
677 1810 727 1823 eum
741 1804 818 1823 multis
833 1804 883 1823 aliis
897 1805 1089 1828 ambiguitatibus,

448 1831 484 1849 hie
495 1830 674 1850 luculentissime
684 1830 795 1849 resolutis.

557 1881 676 1907 Idema.

214 1925 314 1956 Exiit‘2,
340 1924 387 1958 qui
412 1925 541 1956 seminat,
566 1924 706 1950 seminare
731 1932 828 1950 semen
852 1932 942 1956 suum,
968 1924 1004 1950 de
1026 1925 1088 1950 sinu

145 1960 232 1993 patris
255 1959 282 1984 in
304 1959 449 1991 mundum,
470 1964 550 1985 veste
573 1958 679 1984 scilicet
700 1958 881 1984 humanitatis
904 1959 1016 1984 indutus
1034 1960 1088 1985 Dei

146 1994 219 2020 filius
231 1995 307 2020 Iesus
319 1993 456 2025 Christus,
469 1993 586 2019 verbum
597 1993 791 2026 evangelicum
801 1997 910 2018 saturus
925 1993 952 2018 in
962 1993 1087 2027 singulos

145 2029 252 2062 probos
277 2032 305 2054 et
327 2027 477 2066 reprobos,
501 2027 665 2061 insipientes
690 2031 719 2053 et
743 2027 865 2060 ignaros,
891 2028 1034 2053 studiosos
1060 2033 1087 2053 et

146 2063 270 2094 desides,
284 2067 312 2088 et
326 2062 401 2088 iuxta
414 2062 583 2096 Prophetam
597 2061 712 2087 colonus
726 2061 833 2087 futurus
847 2070 874 2087 m
889 2066 971 2094 terra,
989 2070 1087 2088 semen

146 2106 236 2129 suum,
259 2096 416 2122 doctrinam
438 2096 640 2129 evangelicam,
665 2096 724 2121 sine
750 2095 880 2122 delectu³
905 2096 1037 2130 dispersit
1059 2097 1086 2122 in

145 2140 254 2164 omnes,
273 2131 330 2165 qui,
348 2131 441 2157 onmia
460 2135 597 2157 tracturus
611 2130 647 2156 ad
664 2138 706 2163 se,
723 2138 821 2158 ornnes
840 2130 948 2157 salvare
961 2136 1085 2164 venerat,

144 2238 249 2269 insuper,
264 2237 330 2268 quod
343 2237 406 2260 adeo
416 2237 477 2260 sacri
490 2244 595 2260 canones
607 2236 748 2259 huiusmodi
761 2236 890 2259 criminum
902 2237 1019 2260 astutiam
1032 2245 1085 2268 per-

143 2276 285 2303 sequuntur,
307 2271 373 2302 quod
391 2275 589 2302 praesumptores
606 2271 715 2301 ipsorum
733 2278 782 2293 non
796 2270 875 2294 solum
889 2270 999 2300 infames,
1016 2272 1058 2294 scd
1071 2279 1085 2294 a

144 2307 243 2338 proprio
259 2306 336 2337 gradu
354 2306 506 2329 abiiciendos
523 2313 575 2329 esse
591 2305 733 2333 decernunt,
754 2313 784 2328 ne
806 2304 918 2328 tantus-¹³
938 2313 952 2328 a
970 2310 994 2328 te
1017 2314 1084 2336 prae-

142 2346 254 2372 sumptus
271 2348 383 2364 excessus
400 2340 445 2363 sub
462 2340 608 2371 impunitate
625 2339 769 2370 praeteritus
785 2339 847 2362 alios
864 2339 896 2362 ad
912 2340 1002 2363 similia
1015 2349 1084 2371 prae-

143 2375 262 2399 sumenda
275 2383 319 2398 suo
333 2375 470 2406 pernicioso
483 2374 594 2398 invitaret
601 2373 625 2389 ²³⁰
638 2373 758 2404 exemplo,
776 2373 920 2397 electionem
937 2374 1041 2398 eandem
1054 2375 1084 2398 de

143 2415 174 2438 te,
189 2414 214 2433 ut
225 2410 396 2441 praemittitur,
405 2409 560 2437 celebratam,
571 2408 661 2432 iustitia
671 2408 792 2437 exigente,
805 2408 949 2431 cassandam
960 2409 1080 2437 duximus,

142 2448 265 2468 cassamet
277 2444 369 2467 irritam
379 2443 544 2467 nunciandam
555 2443 682 2466 arbitrium
693 2442 764 2466 nobis
775 2447 924 2466 reservantes
933 2451 1080 2474 expressum,

143 2479 305 2510 praemissum
324 2486 463 2509 processum
482 2483 566 2501 contra
584 2482 607 2500 te
625 2477 737 2500 habitum
754 2477 792 2500 vel
809 2485 838 2500 ex
851 2482 902 2500 tam
914 2478 1013 2507 grandis
1027 2486 1083 2501 con-

144 2513 292 2537 sideratione
310 2517 390 2536 reatus
407 2520 451 2543 per
467 2512 649 2535 exsecutionem
667 2511 725 2535 iuris
738 2511 819 2542 quoad
836 2511 940 2542 gradum
953 2512 1085 2536 decanatus

142 2552 165 2571 ct
180 2548 228 2571 alia
241 2547 361 2570 beneficia
374 2551 415 2570 tua
428 2546 599 2577 exaggerando
610 2546 689 2576 rigore
702 2546 741 2569 vel
754 2544 885 2576 pensat-⁶130
897 2550 938 2569 tua
951 2547 1084 2576 praemissa

142 2582 228 2606 humili
243 2581 395 2605 confessione
408 2581 510 2611 aliisque
523 2580 711 2604 circumstantiis
721 2580 907 2603 mansuetudine
920 2582 1079 2611 temperandi.

141 2615 210 2640 Tu31
228 2624 286 2639 vcro
304 2616 441 2639 humilitate
458 2615 542 2638 debita
554 2615 715 2638 cassationem
734 2615 925 2638 reservatiomim
944 2615 1083 2639 huiusmodi

141 2651 299 2682 acquiescens
317 2650 359 2673 tibi
374 2655 459 2681 postea
477 2650 541 2673 circa
553 2653 671 2672 statutum
688 2653 711 2672 et
730 2648 833 2672 formam
850 2657 945 2672 necnon
959 2650 1083 2680 praedicta

141 2686 288 2710 decanatum
302 2690 324 2708 ct
339 2684 457 2708 beneficia
471 2692 513 2715 per
523 2692 567 2707 nos
577 2684 641 2707 sedis
653 2692 692 2714 ap.
710 2683 875 2706 misericordia
892 2683 1013 2714 provideri
1027 2693 1082 2708 cum

142 2720 257 2744 instantia
270 2719 412 2751 supplicasti
426 2724 448 2742 et
464 2719 562 2749 petiisti.
592 2718 659 2741 Licet
673 2722 730 2741 ante
743 2726 882 2748 processum
896 2718 964 2741 cuius
978 2718 1082 2742 iustitiae

141 2763 243 2778 censura
256 2754 402 2783 suggesserit
421 2753 561 2777 facultatem
579 2756 660 2776 tamen
679 2752 754 2783 ipsius
766 2752 881 2776 duritiam
900 2760 973 2783 quam
991 2753 1081 2777 adcon-

142 2789 252 2814 siderans
259 2788 289 2821 (?)
304 2788 360 2813 sacti
374 2788 480 2820 qualitas
493 2791 609 2819 provocat
623 2787 737 2816 maxime,
758 2794 833 2818 quum
843 2787 904 2811 sicut
919 2787 1082 2818 praemittitur

191 2873 226 2898 28)
237 2874 348 2893 definiunt
357 2879 399 2893 nee
410 2874 488 2893 antea:
503 2872 529 2892 fb.
609 2872 643 2897 2⁹)
654 2872 761 2892 invitare:
776 2872 804 2891 fb.

142 2905 207 2920 sensu
217 2900 298 2920 carent.

192 3004 245 3023 Tit.
260 3004 309 3023 ΧΠ.
337 3004 399 3034 Cap.
413 3003 441 3022 11.
470 3003 489 3025 1)
501 3004 616 3026 praetor-oa
626 3002 689 3021 hab
704 3001 719 3020 A
751 3002 771 3024 ))
782 3002 949 3025 impetratores
963 3001 978 3021 Λ
1010 3002 1031 3026 3)
1041 3003 1081 3022 sub

141 3029 196 3048 isto:
210 3029 227 3048 A
287 3030 308 3051 4)
319 3035 370 3048 eum
380 3030 416 3048 in·
430 3028 459 3049 ,·1,·
473 3029 570 3052 aliquem
580 3028 615 3046 in:
630 3028 645 3047 G
699 3028 720 3051 5)
731 3026 828 3047 03:1th
882 3027 902 3051 G)
912 3028 930 3047 1
932 3028 1029 3048 ontificis
1038 3029 1081 3048 Ro-

142 3055 216 3074 mani:
230 3055 333 3075 BCDEFG
384 3055 496 3077 Undieit:
512 3054 544 3073 AC

193 3081 254 3105 Cap.
269 3082 309 3101 111.
347 3079 559 3103 1)21eest:.;411131=“o
578 3090 600 3093 —-
620 3079 641 3097 ιἰι
659 3078 673 3097 ,1
689 3078 880 3103 ‹111‹11‘e.:Requiro
894 3079 931 3098 ubi
947 3079 1015 3098 habea
1029 3080 1082 3099 alibi

141 3111 192 3128 oum
201 3107 279 3135 regula
357 3106 538 3131 2)L100.V111,5.
608 3105 779 3131 meinamma:
793 3105 853 3126 Stoura
923 3104 1041 3131 «mannen.
1056 3106 1082 3127 ιο.

437 264 546 290 SEXTI
563 264 775 291 DECRETAL.
793 264 861 291 Llss.
880 264 914 291 V.
933 264 1003 291 TlT.
1023 265 1081 292 xli.
1100 266 1152 292 DE
1171 266 1383 293 VERBORUM
1401 267 1708 294 SIGNIFICATIONE.
1728 276 1750 294 c.

881 2872 916 2897 30)
927 2874 1070 2897 praenotata:
1084 2873 1110 2893 ib.

1771 276 1795 301 3.
2009 267 2075 294 1110

1134 344 1180 377 qui
1207 344 1321 370 tandem
1346 353 1376 371 se
1401 345 1494 379 ipsum
1518 346 1580 371 Deo
1606 345 1678 371 Patri
1705 354 1756 379 pro
1781 346 1871 371 salute
1897 345 2020 371 omnium
2045 345 2073 370 in

1132 378 1334 417 redemptionis
1356 380 1495 405 humanae
1517 380 1637 413 pretium
1662 380 1825 406 immolavit.
1860 380 1938 406 Licet
1959 380 2072 406 autem¹

1132 412 1186 438 hoc
1200 421 1306 445 semen,
1325 422 1352 439 in
1366 414 1490 447 singulos
1508 415 1740 440 communicativa
1758 415 1811 440 Dei
1830 414 1945 440 caritate
1963 414 2070 448 disper-

1132 455 1203 478 sum,
1217 448 1291 473 aliud
1306 448 1437 474 ceciderit
1451 457 1531 474 secus
1545 449 1627 480 viam,
1641 457 1726 483 super
1740 449 1824 474 corda
1838 449 1942 474 scilicet
1956 448 2069 474 daemo-

1132 489 1199 507 num
1209 482 1438 515 suggestionibus
1449 483 1554 516 pervia,
1565 469 1639 508 aliu'd
1650 492 1734 516 supra
1745 488 1862 521 petram,
1868 483 1954 508 corda
1964 483 2070 509 scilicet

1132 516 1206 542 nulla
1230 516 1295 542 fidei
1319 525 1433 543 vomere
1458 522 1617 550 penetrata,
1646 517 1722 543 aliud
1751 518 1821 543 inter
1846 518 1954 551 spinas,
1984 517 2070 543 corda

1132 550 1237 576 scilicet
1258 551 1421 576 hominumfi
1445 551 1603 577 divitiarum
1628 552 1861 577 sollicitudinibus
1886 552 2017 583 lacerata,
2041 556 2069 577 et

1131 584 1195 610 ideo
1222 593 1306 610 unum
1330 586 1422 619 praxis
1447 585 1594 611 affectibus
1619 586 1825 618 conculcatum,
1853 586 1928 612 aliud
1953 586 2070 625 aridum,

1132 619 1197 651 quia
1215 620 1321 652 gratiae
1343 620 1457 645 carebat
1478 620 1604 651 humore,
1626 621 1765 654 reliquum
1786 629 1852 646 vero
1875 620 1976 653 legitur
1997 620 2069 646 inor-

1131 653 1233 679 dinatis
1247 654 1479 679 sollicitudinibus
1497 654 1677 680 suftocatum:
1695 655 1769 680 aliud
1787 660 1880 681 tamen
1898 655 1965 681 mite
1983 663 2030 680 cor
2044 659 2071 680 et

1131 687 1230 718 docile,
1244 693 1319 713 terra
1332 689 1415 719 bona,
1433 689 1566 722 suscepit,
1584 689 1654 714 hoc¹⁵
1668 694 1695 714 et
1709 690 1848 715 Minorum
1866 689 1982 715 fratrum
1995 689 2069 714 mitis

1131 726 1157 747 et
1181 722 1278 747 docilis
1301 722 1328 747 in
1350 727 1518 756 paupertate
1540 731 1573 748 ac
1594 723 1750 749 humilitate
1773 732 1824 757 per
1845 724 1948 749 almum
1967 723 2069 749 Christi

1130 755 1321 782 confessorem
1338 757 1517 783 Franciscum
1535 757 1659 783 radicata
1676 758 1736 783 reli
1728 758 1784 791 110,
1807 758 1863 792 qui,
1886 766 1919 784 ex
1938 758 1983 783 illo
2002 766 2069 784 vero

1130 791 1236 816 semine
1262 791 1432 823 germinans,
1457 800 1573 824 germen
1598 792 1666 817 illud
1690 800 1740 830 per
1764 793 1891 825 regulam
1915 792 2018 826 sparsit
2043 792 2071 817 in

1130 824 1211 856 filios,
1235 833 1306 858 quos
1325 825 1377 851 sibi
1399 830 1427 851 et
1446 826 1508 851 Deo
1526 834 1577 864 per
1594 834 1675 851 suum
1691 826 1876 852 ministerium
1893 827 1920 852 in
1937 827 2070 852 observa-

1129 859 1222 884 tione⁷
1247 868 1337 892 ergan
1329 860 1385 885 elii
1410 860 1564 893 generavit.
1610 861 1656 886 Isti
1681 866 1745 886 sunt
1774 861 1835 893 filii,
1861 861 1920 894 qui,
1951 861 2071 886 docente

1130 893 1257 925 lambos,
1282 880 1426 926 terbum?
1434 899 1580 920 aeternum
1602 895 1656 920 Dei
1677 895 1773 927 filium,
1796 895 1909 920 insitum
1930 896 2070 934 humanae

1129 932 1245 954 naturae
1258 928 1286 953 in
1303 929 1384 954 horto
1402 929 1544 961 virginalis
1562 929 1643 961 uteri,
1661 934 1762 962 potens
1781 929 1839 954 salv
1842 938 1889 955 are
1907 930 2023 961 animas,
2043 929 2070 955 in

1129 962 1345 988 mansuetudine
1364 968 1557 996 susceperunt.
1594 963 1630 988 Hi
1648 968 1712 988 sunt
1730 963 1801 989 illius
1819 970 1933 989 sanctae
1954 964 2070 996 regulae

1129 996 1315 1030 professores,
1330 1005 1404 1030 quae
1417 1005 1450 1023 ev
1453 997 1580 1030 angelico
1594 997 1726 1023 fundatur
1739 998 1861 1031 eloquio,
1878 998 1952 1024 xitae
1966 998 2069 1024 Christi

1129 1031 1276 1056 roboratur
1289 1032 1417 1065 exemplo
1435 1031 1601 1057 fundatoris·
1597 1032 1608 1049 '
1620 1032 1765 1057 militantis
1784 1033 1929 1064 ecclesiae,
1946 1033 2068 1066 Aposto-

1129 1065 1218 1090 lorum
1232 1065 1291 1091 eius
1306 1066 1482 1091 sermonibus
1495 1067 1662 1099 actibusque
1675 1066 1809 1092 firmatur.
1846 1067 1923 1093 Haec
1937 1072 1980 1093 est
1993 1067 2069 1100 apud

1128 1100 1221 1125 Deum
1235 1105 1263 1125 et
1273 1101 1384 1126 Patrem
1394 1100 1499 1126 munda
1509 1105 1536 1126 et
1547 1101 1725 1126 immaculata
1734 1101 1842 1134 religio,
1857 1109 1939 1134 quae,
1953 1102 2070 1127 descen-

1129 1134 1198 1160 dens
1211 1143 1228 1159 a
1241 1139 1320 1168 patre
1334 1134 1478 1166 luminum,
1491 1143 1541 1168 per
1554 1135 1614 1160 eius
1628 1135 1714 1160 filium
1725 1121 1922 1168 exeffiplariter
1933 1140 1960 1162 et
1970 1136 2069 1161 verba-

1128 1168 1190 1194 liter
1208 1169 1353 1201 Apostolis
1375 1169 1486 1200 tradita,
1512 1174 1539 1195 et
1561 1169 1694 1195 deindelO
1715 1178 1766 1203 per
1787 1170 1937 1204 Spiritum
1942 1175 2069 1196 sanctum

1128 1202 1212 1228 beato
1230 1203 1379 1228 brancisco
1397 1208 1425 1229 et
1444 1211 1508 1229 eum
1526 1204 1710 1237 sequentibus
1728 1204 1870 1238 inspirata,
1889 1205 1974 1230 totius
1993 1205 2020 1230 in
2038 1214 2069 1230 se

1128 1237 1209 1270 quasi
1242 1237 1367 1263 continet
1401 1238 1592 1264 testimonium
1621 1238 1775 1264 Trinitatis.
1820 1240 1897 1264 Haec
1927 1244 1983 1271 est,
2017 1239 2070 1271 cui,

1127 1276 1279 1298 attestante
1300 1272 1385 1297 Paulo
1408 1273 1586 1305 Apost01011‚
1611 1281 1694 1298 nemo
1720 1273 1756 1299 de
1778 1278 1872 1299 cetero
1895 1273 1981 1311 debet
2006 1282 2070 1299 esse

1128 1306 1273 1338 molestus,
1295 1314 1380 1340 quarn
1402 1307 1528 1332 Christus
1551 1307 1729 1340 stigmatibus
1753 1316 1820 1333 suae
1843 1307 1982 1346 passionis
2004 1316 2069 1333 con-

1128 1340 1255 1372 firmaxst,
1280 1341 1377 1366 volens
1402 1328 1604 1367 institutorem
1616 1341 1702 1375 ipsius
1725 1342 1864 1375 passionis
1889 1350 1956 1368 suae
1981 1342 2068 1375 signis

1127 1375 1288 1400 notabiliter
1316 1375 1452 1408 insigniri.
1500 1376 1557 1402 Sed
1586 1384 1638 1401 nec
1668 1377 1707 1401 sic
1736 1381 1832 1402 contra
1861 1376 1961 1402 fratres
1991 1377 2068 1415 ipsos

1127 1409 1250 1435 Minores
1273 1414 1301 1435 et
1322 1410 1449 1442 regulam
1473 1410 1562 1436 hostis
1587 1410 1695 1444 antiqui
1720 1411 1841 1436 cessavit
1865 1411 1976 1443 astutia,
2002 1420 2068 1444 quin

1127 1444 1220 1477 potius
1234 1448 1330 1470 contra.
1343 1452 1392 1469 eos
1405 1444 1497 1470 nitens
1508 1445 1735 1478 superseminare
1745 1445 1914 1475 zizaniam&
1928 1445 2069 1471 interdum

1126 1478 1323 1510 aemulatores,
1347 1479 1468 1511 agitatos
1494 1479 1606 1509 invidia,
1635 1479 1778 1505 iracundia
1802 1484 1830 1505 et
1854 1465 2004 1506 indiscreta
2029 1480 2068 1505 in-

1127 1512 1244 1544 scitiam,
1269 1513 1427 1545 concitavit,
1452 1513 1614 1539 mordentes
1637 1513 1746 1545 fratres,
1771 1518 1798 1540 et
1820 1522 1917 1540 eorum
1941 1515 2069 1547 regulam

1127 1547 1207 1580 quasi
1232 1547 1368 1579 illicitam,
1398 1547 1635 1574 inobservabilem
1660 1553 1688 1574 et
1712 1548 1937 1574 discriminosam
1961 1549 2067 1574 caninis

1126 1581 1272 1606 latratibus
1283 1582 1448 1613 lacerantes,
1459 1591 1514 1607 non
1524 1582 1704 1608 attendentes
1714 1583 1787 1608 hanc
1797 1588 1922 1608 sanctam
1933 1584 2068 1622 regulam,

1127 1621 1156 1641 nt
1169 1616 1349 1649 praedicitur,
1367 1617 1526 1650 praeceptis
1540 1625 1572 1642 ac
1589 1617 1702 1642 monitis
1717 1617 1885 1643 salutaribus
1903 1618 2069 1650 institutam,

1127 1650 1289 1683 apostolicis
1304 1651 1549 1677 observationibus
1563 1652 1734 1683 roboratam,
1752 1660 1803 1685 per
1816 1652 1909 1685 plures
1923 1652 2067 1678 Romanos

1125 1684 1275 1710 Pontifices
1298 1685 1494 1719 approbatam,
1517 1690 1544 1711 et
1563 1686 1676 1711 etiam14
1693 1694 1744 1724 per
1763 1686 1861 1712 sedern
1883 1687 2068 1724 apostolicam

1126 1719 1333 1751 confirmatam,
1363 1724 1404 1745 tot
1429 1720 1529 1745 divinis
1561 1720 1726 1746 testimoniis
1752 1721 1964 1753 communitam,
1995 1729 2068 1754 quae

1126 1753 1271 1779 credibilia
1284 1753 1357 1779 facta
1370 1758 1434 1779 sunt
1447 1754 1529 1779 nimis
1542 1754 1570 1780 in
1583 1759 1625 1780 tot
1638 1754 1741 1780 sanctis
1754 1764 1771 1780 Χ
1774 1755 1829 1787 iris,
1847 1755 1874 1780 in
1887 1755 2068 1782 observantia

1125 1788 1206 1813 huius
1219 1788 1334 1821 regulae
1351 1789 1531 1821 agentibus1⁵
1548 1793 1576 1814 et
1594 1789 1754 1814 finientibus
1773 1789 1833 1815 dies
1853 1798 1929 1821 51105,
1948 1798 2067 1828 quorum

1124 1822 1273 1848 nonnullos
1287 1827 1447 1848 sanctorum
1461 1823 1589 1856 catalogo
1604 1823 1687 1861 sedes
1702 1823 1803 1849 eadem
1817 1832 1850 1849 0.Χ
1861 1832 1958 1850 eorum
1968 1825 2024 1850 xita
2037 1830 2065 1850 et

1124 1857 1264 1882 miraculis
1287 1857 1353 1883 fecit
1374 1857 1505 1883 adsciibi.
1541 1858 1583 1883 Ac
1604 1857 1757 1884 novissime
1779 1858 1859 1891 quasi
1882 1858 1982 1884 diebus
2005 1859 2064 1884 istis

1124 1900 1174 1925 per
1192 1891 1256 1925 piae
1273 1891 1426 1917 memoriae
1444 1892 1612 1925 Gregorium
1626 1892 1732 1926 Papam
1749 1893 1884 1918 nonumlss
1898 1893 2064 1926 praedeces-

1124 1934 1217 1964 sorem
1230 1931 1356 1951 nostrum
1369 1926 1555 1964 approbatam
1569 1934 1642 1958 esse,
1656 1935 1690 1952 0.Χ
1703 1927 1825 1952 evidenti
1838 1927 1966 1957 utilitate,
1982 1936 2065 1961 quam

1124 1960 1183 1986 de
1178 1969 1239 1994 ipsa
1261 1961 1442 1994 consequitur
1463 1961 1627 1986 universalis
1649 1961 1778 1993 ecclesia,
1801 1962 1828 1986 in
1850 1962 1974 1994 geneiali
1992 1963 2064 1994 Lu<—

1123 1994 1242 2020 dunensi
1260 1995 1377 2020 concilio
1396 1995 1592 2021 declaraturfl.
1629 1996 1687 2021 Nec
1705 2004 1756 2021 nos
1774 1996 1865 2021 minus
1883 1996 2065 2028 attendimus,

1123 2029 1207 2054 immo
1222 2029 1387 2062 profundius
1400 2030 1567 2062 cogitamus,
1585 2030 1657 2055 sicut
1674 2038 1794 2068 pensare
1812 2030 1917 2056 debent
1934 2031 2063 2056 subtilius

1122 2063 1207 2089 ceteri
1218 2063 1372 2089 catholicae
1384 2063 1449 2089 fidei
1460 2064 1646 2097 professores,
1660 2064 1769 2103 quial&
1764 2073 1831 2103 ipse.
1836 2065 1924 2097 Deus,
1937 2065 2064 2091 ordinem

1122 2097 1297 2136 praedictum
1311 2103 1338 2124 et
1352 2098 1411 2124 eius
1426 2098 1642 2124 observatores
1636 2099 1796 2132 inspiciens,
1810 2099 1850 2125 sic
1864 2108 1913 2125 eos
1927 2100 1981 2125 ab
1976 2108 2063 2125 insur-

1121 2132 1272 2166 gentibus
1267 2141 1295 2158 in
1308 2132 1385 2166 ipsos
1399 2133 1561 2159 rancoribus
1572 2133 1686 2160 salutari
1698 2133 1854 2159 subsidio19
1864 2142 1996 2168 praeseri
1998 2134 2064 2167 avit,

1121 2237 1261 2266 arbitrium,
1274 2238 1339 2269 quod
1354 2238 1432 2261 rinim
1446 2239 1506 2261 alias
1519 2239 1598 2262 clarae
1613 2238 1691 2262 famae
1705 2239 1822 2263 honestae
1836 2240 2028 2263 conversationis
2041 2245 2062 2263 et

1122 2272 1185 2295 vitae
1201 2280 1229 2295 ac
1242 2272 1379 2303 praefatam
1393 2272 1572 2296 confessionem
1587 2279 1654 2296 tuam
1667 2273 1785 2297 humilem
1799 2275 1952 2297 attendentes
1965 2283 1993 2297 ac
2006 2283 2063 2297 con-

1120 2307 1255 2330 siderantes
1268 2307 1391 2335 attentius,
1409 2307 1475 2338 quod
1493 2308 1607 2335 maluisti,
1629 2308 1689 2331 sicut
1704 2308 1852 2331 catholicum
1865 2309 1943 2332 virum
1957 2309 2025 2332 decet
2040 2314 2063 2332 et

1120 2341 1299 2364 ecclesiasticae
1312 2350 1432 2372 personae
1444 2342 1563 2372 congruit,
1580 2343 1706 2366 veritatem
1721 2342 1861 2366 confitendo
1872 2343 1895 2366 in
1909 2351 1981 2366 causa
1995 2352 2063 2374 prae-

1120 2375 1186 2398 dicta
1203 2376 1362 2399 succumbere
1379 2384 1452 2407 quam
1471 2377 1638 2407 episcopalem
1655 2377 1797 2400 cathedram
1815 2386 1870 2400 cum
1885 2386 1990 2401 remorsu
2005 2386 2062 2401 con-

1120 2410 1236 2433 scientiae
1253 2410 1370 2439 obtinere,
1391 2411 1439 2434 tuis
1455 2411 1675 2442 supplicationibus
1692 2412 1824 2434 annncndo
1841 2420 1945 2442 poenam
1963 2420 2061 2435 0111110111

1121 2449 1222 2475 propter
1234 2444 1373 2468 huiusmodi
1388 2445 1581 2468 coniurationem
1595 2450 1618 2468 et
1632 2446 1839 2476 conspirationem
1852 2447 1960 2469 debitam
1975 2447 2018 2469 tibi
2032 2447 2063 2469 de

1119 2479 1199 2509 gratia
1212 2479 1312 2509 speciali
1326 2480 1472 2503 remittimus
1485 2488 1633 2511 omnemque
1647 2480 1781 2507 infamiam,
1798 2486 1820 2503 et
1835 2481 1978 2511 cuiusquam
1996 2481 2062 2504 vocis

1121 2513 1217 2536 macula
1232 2522 1305 2544 quam
1324 2514 1412 2537 exinde
1429 2515 1522 2537 traxisti
1539 2514 1570 2537 de
1584 2515 1711 2545 potestatis
1730 2515 1881 2545 plenitudine
1895 2515 2021 2538 abolentes
2039 2520 2062 2538 te

1120 2547 1242 2577 integrum
1256 2548 1406 2572 restituimus
1418 2549 1544 2572 devotioni
1558 2554 1613 2572 tuae
1627 2549 1740 2572 volumus
1753 2554 1778 2572 ut
1798 2549 1936 2579 praemissis
1954 2557 2003 2572 non
2018 2550 2061 2572 oli-

1119 2582 1240 2605 stantibus
1262 2582 1409 2606 decanatum
1427 2587 1450 2606 et
1472 2583 1591 2606 beneficia
1610 2583 1675 2606 licite
1692 2591 1720 2606 ac
1742 2583 1818 2606 libere
1835 2583 1913 2613 possis
1931 2584 1989 2607 sicut
2005 2589 2062 2608 ante

1120 2616 1183 2639 idem
1202 2621 1320 2640 statutum
1338 2622 1435 2648 poteras
1453 2618 1562 2645 retinere,
1584 2625 1627 2640 nec
1650 2626 1693 2648 pro
1711 2617 1753 2640 illo
1771 2618 1793 2640 in
1816 2617 1874 2648 ipsis
1894 2618 2014 2642 decanatu
2037 2624 2060 2642 et

1118 2650 1243 2674 beneficiis
1265 2651 1303 2675 vel
1325 2652 1385 2675 alias
1407 2652 1451 2675 tibi
1473 2652 1573 2682 aliquod
1599 2652 1650 2682 pari
1676 2651 1851 2682 praeiudicium
1872 2658 1912 2675 aut
1939 2652 2060 2683 interponi

1118 2685 1193 2716 possit
1208 2686 1361 2710 obstaculum
1375 2686 1564 2710 misericorditer
1576 2686 1744 2709 comedentes.
1787 2686 1854 2709 Nulli
1868 2694 1933 2717 ergo.
1951 2692 1996 2711 etc.

1187 2720 1244 2744 Tit.
1262 2721 1324 2744 XII.
1365 2722 1434 2751 Cap.
1459 2721 1510 2744 Ill.
1566 2719 1655 2750 a)1l‹tt.
1675 2719 1800 2743 ›nav-iani
1816 2720 1889 2744 xlx.
1913 2719 1972 2745 Kal.
1990 2721 2060 2753 Sept.

1117 2753 1148 2778 A.
1165 2755 1200 2778 ll.
1217 2754 1317 2786 (1279.)
1330 2762 1372 2787 ¹¹1¹·
1386 2754 1516 2779 s'lmralea
1534 2754 1636 2779 Παίων.
1653 2753 1785 2779 francisc.
1802 2755 1851 2783 ΙΙΙ,
1868 2762 1925 2786 404.
1941 2769 1975 2772 —
1988 2755 2059 2780 1²01!-

1117 2787 1173 2813 {last
1186 2796 1228 2813 no.
1244 2789 1335 2814 21628.

1185 2873 1219 2899 31)
1229 2880 1282 2900 seqq.
1294 2874 1422 2894 solumunodo
1436 2874 1520 2894 exstant
1535 2874 1556 2893 ιἰι
1569 2873 1605 2897 Hc,
1620 2873 1657 2893 nbi
1666 2873 1737 2893 cerba:
1751 2874 1815 2894 Licet
1826 2888 1831 2893 .
1843 2888 1848 2893 .
1860 2889 1865 2894 .
1875 2876 1993 2896 arbitrlum
2004 2877 2063 2896 omni

1405 3003 1425 3027 G)
1435 3003 1502 3022 haee:
1517 3003 1543 3022 111.

1459 3031 1492 3049 10)
1503 3029 1604 3049 denium:
1619 3029 1645 3048 rb.

1601 3003 1620 3023 ἴ)
1631 3004 1787 3024 observantia:
1801 3004 1828 3023 1⁴11.
1889 3004 1910 3029 s]
1922 3005 1991 3025 Iacob.
2002 3007 2018 3030 1,
2028 3008 2060 3026 21.

1726 3030 1758 3053 11)
1769 3031 1822 3054 Αμζ
1837 3030 1904 3050 istest:
1918 3031 1960 3053 v'b..·
1975 3042 1997 3045 —
2013 3032 2059 3052 Gal.

1317 3004 1343 3022 ih.

1318 3030 1379 3048 Simu:

1117 3003 1137 3026 ὃ)
1149 3004 1220 3023 hom..
1215 3009 1220 3014 ·
1235 3004 1303 3023 thesi:

1118 3030 1138 3053 Α)
1149 3030 1304 3050 fundatorum

1118 3056 1156 3079 VI
1167 3057 1285 3080 17.1))
1296 3056 1393 3074 zizania:
1408 3054 1436 3073 fb.
1491 3055 1524 3078 13)
1533 3055 1630 3074 iustitia:
1644 3055 1670 3074 rb.
1724 3056 1757 3079 ,11)
1768 3058 1809 3075 (11.1
1823 3056 1894 3076 deest:
1908 3057 1934 3076 il».
1980 3057 2013 3082 15)
2023 3058 2060 3078 de-

1117 3082 1232 3105 gentibus:
1251 3081 1277 3126 ψ.
1358 3081 1391 3104 ui)
1406 3080 1528 3100 decimum:
1543 3080 1569 3100 ib.
1586 3081 1641 3101 racto
1720 3082 1753 3105 17)
1768 3083 1845 3101 exsuti.
1863 3082 2013 3104 declaratum:
2031 3084 2060 3105 ib.

1119 3107 1151 3132 18)
1162 3107 1233 3133 quod:
1330 3107 1362 3131 19)
1372 3106 1496 3132 praesidio:
1510 3106 1538 3127 ⁸⁴11.

1725 3140 1780 3167 70³*
