2243 3288
162 294 226 321 1019

165 371 291 401 nocivos,
314 377 398 402 quos,
417 368 496 402 quasi
515 368 581 393 ficus
600 367 689 399 fatua,
712 368 812 393 domus
830 368 866 394 de
884 368 1019 394 Columna
1037 377 1098 402 pro-

166 405 250 435 uum,
270 404 426 429 nescientes
444 403 470 428 in
489 402 595 428 semitis
615 402 734 428 iustitiae
752 402 873 435 dirigere
890 410 1004 435 gressus
1023 411 1098 435 suos,

164 439 198 464 ad
218 447 264 463 cor
282 437 394 465 reverti.
413 441 440 462 et
458 445 543 469 agere
560 437 751 470 poenitentiae
770 436 870 469 dignos
893 436 1012 468 fructus,
1034 437 1099 463 licet

168 473 269 497 diutius
295 476 486 504 exspectatos,
513 471 654 503 (Iacobum
679 470 809 496 videlicet
835 470 870 496 de
897 470 1045 503 Columna,
1070 475 1098 497 et

164 508 275 532 I'etrum
298 511 430 539 nepotem
453 505 554 539 ipsius,
577 505 642 530 olim
665 510 777 530 sanctae
795 505 938 531 Romanae
961 505 1097 531 ecclesiae

163 540 331 569 cardinales,
353 544 381 565 et
403 539 474 565 filios
493 539 634 572 quondam
653 539 761 565 loannis
780 539 815 564 de
834 539 984 571 Columna,
1007 539 1098 565 fratris

164 575 228 600 dicti
243 574 344 606 Iacobi,
358 579 385 599 et
399 574 484 607 patris
498 574 570 599 Petri
585 573 702 607 praefati
717 578 854 607 posteros,
872 574 915 598 etl
935 573 1056 599 fautores
1070 578 1098 599 et

165 617 301 642 sequaces
315 608 432 641 eorum,)
451 608 477 633 in
495 608 596 633 virtute
610 608 746 633 Altissimi
760 612 951 640 exsurgentes,
970 607 1097 641 spiritua-

164 644 225 669 liter
249 648 276 668 et
314 643 492 676 emporaliter
521 647 617 667 contra
646 650 695 668 eos
720 642 848 667 duximus
876 641 1097 676 procedendum.

165 678 257 703 Conse
281 686 296 702 u
337 682 377 702 ter
399 677 497 702 dictis2
519 677 620 702 Iacobo
643 681 671 702 et
692 677 784 708 Petro,
810 676 1048 702 descendentibus
1071 676 1098 701 in

163 712 262 745 prosim
287 720 332 736 um
349 711 498 743 malorum,
520 716 548 737 et
566 711 744 736 molientibus
763 711 959 736 inconsutilem
977 711 1098 736 tunicam

164 746 287 777 Domini,
301 750 415 771 sanctae
428 745 558 771 videlicet
571 745 708 771 ecclesiae
722 745 851 770 scindere
865 745 1009 776 unitatem,
1027 750 1055 770 et
1069 750 1098 770 ut

162 781 287 813 gladium
307 780 472 806 acuentibus
494 780 602 812 linguas
624 788 698 811 suas,
723 784 750 805 et
773 779 1019 813 prorumpentibus
1042 787 1098 805 non

163 821 219 840 tam
237 815 264 840 in
282 815 367 840 verba
385 814 609 848 blasphemiaess·
632 819 659 839 et
678 814 865 845 schismatica,
889 822 973 847 quam
991 813 1096 846 insana,

161 857 234 883 quae
248 849 275 874 in
288 849 397 882 scriptis
408 849 522 874 redacta
533 849 584 873 sub
595 848 702 881 sigillis,
716 848 827 882 quibus,
841 852 991 882 antequam
1003 852 1097 873 essent

161 883 292 917 depositi,
316 883 473 914 utebantur,
495 891 546 916 per
564 883 670 908 Urbem
688 887 714 908 et
737 882 847 908 diversa
868 882 966 908 mundi
987 882 1097 908 climata

162 918 385 949 destinaverunt,
413 917 611 943 aestimantes⁴
639 917 837 950 loquacitatem
867 916 1039 949 facundiam,
1070 921 1097 942 et

161 952 330 978 maledicere
347 952 535 977 conscientiae
553 951 644 977 bonae
662 951 782 983 signum,
800 956 827 977 et
845 951 963 976 conficta
981 951 1098 976 materia

161 987 332 1020 disputandi,
350 986 415 1020 quia
432 986 549 1012 veritate
567 994 623 1011 non
641 990 779 1019 poterant,
797 993 848 1011 nos
862 986 962 1011 saltem
975 985 1097 1011 lacerare

162 1021 293 1047 conviciis
316 1025 571 1054 praesumpserunt.
618 1022 742 1053 Quorum
765 1020 838 1045 dicta
860 1020 924 1045 licet
947 1028 1097 1053 possemus

160 1055 296 1089 superiori
307 1055 462 1081 assertione
474 1055 647 1085 convincere,
659 1059 686 1080 et
698 1054 758 1080 luce
768 1054 930 1080 clarioribus
941 1054 1096 1079 rationibus

161 1090 315 1121 confutare,
337 1089 465 1114 duximus
484 1097 581 1114 eorum
599 1089 745 1114 latratibus
763 1097 818 1113 non
836 1088 902 1114 dare
920 1097 1096 1122 responsum,

161 1130 191 1150 ut
208 1124 326 1149 contrita
343 1132 438 1150 eorum
457 1123 548 1149 rabies
565 1123 731 1148 auctoritate
749 1131 851 1148 sonora
869 1123 1056 1156 praesidentis
1070 1123 1097 1148 in

160 1167 292 1192 supremo
310 1158 402 1183 iudicii
421 1158 491 1183 solio
510 1157 694 1190 frangeretur,
717 1162 744 1183 et
761 1163 861 1191 patens
879 1157 981 1183 veritas
999 1166 1050 1191 per
1067 1165 1097 1182 se

162 1193 252 1226 ipsam
264 1193 371 1219 veniret
390 1192 417 1217 in
435 1192 575 1226 publicam
590 1192 741 1223 notionem,
760 1197 943 1225 nostrumque
957 1191 1096 1217 silentium

160 1228 187 1253 in
206 1227 372 1261 supplicium
390 1227 430 1252 cis
453 1226 532 1252 foret.
569 1227 720 1252 Processus
743 1230 837 1251 tamen
856 1230 952 1251 contra
974 1226 1050 1259 ipsos
1070 1231 1097 1251 et

161 1263 229 1287 alios
255 1262 372 1288 fecimus
398 1261 556 1286 successive
581 1261 686 1292 varios,
717 1260 893 1294 diversisque
923 1260 1096 1294 temporibus

160 1296 319 1330 spirituales
333 1301 361 1321 et
375 1295 543 1329 temporales
558 1303 663 1329 poenas
678 1299 704 1320 et
715 1295 867 1320 sententias
881 1295 1056 1320 continentes
1070 1299 1098 1320 et

160 1331 286 1356 mulctas.
324 1330 457 1363 Quorum,
476 1330 551 1363 (quia
570 1334 658 1354 totum
672 1334 798 1355 tenorem
811 1329 1052 1354 constitutionis&
1070 1329 1097 1354 in

159 1365 301 1399 praesenti
327 1366 449 1390 inserere
475 1364 589 1396 longum
614 1364 709 1395 esset,)
735 1372 768 1388 ex
794 1363 833 1389 eis
857 1363 997 1397 quaedam
1022 1372 1097 1389 com-

159 1399 297 1433 pendiose
318 1398 451 1424 collatass·
474 1398 537 1423 huic
559 1403 672 1423 nostrae
694 1397 885 1423 constitutioni
908 1398 1035 1423 duximus
1059 1398 1097 1423 in-

160 1433 279 1460 serenda
297 1433 333 1458 ad
351 1432 547 1459 certitudinem
566 1433 756 1466 praesentium
769 1438 797 1457 et
810 1432 974 1458 memoriam
992 1432 1097 1458 futuro-

160 1477 234 1500 rum,
259 1467 402 1493 videlicet:
430 1467 506 1500 quod
531 1475 564 1492 ex
589 1467 695 1499 causis,
721 1475 794 1500 quae
818 1466 1021 1492 rationabiliter
1046 1475 1096 1492 nos

160 1507 314 1534 moverunt,
328 1502 364 1528 de
378 1501 493 1527 fratrum
506 1506 665 1526 nostrorum
679 1501 796 1526 consilio
810 1501 992 1534 deposuimus
1007 1501 1096 1526 dictos

159 1537 291 1564 Iacobum
305 1542 333 1562 ct
346 1537 457 1562 Petrum
471 1545 487 1561 a
500 1535 717 1561 cardinalatibus
732 1535 859 1560 eiusdem
873 1535 1008 1561 ecelesiae
1020 1540 1048 1561 et
1061 1535 1096 1561 ab

159 1571 234 1597 omni
257 1571 444 1596 cardinalatus
467 1570 616 1595 commodo
639 1574 666 1595 et
689 1571 806 1601 honore,
831 1570 966 1603 ipsosque
992 1569 1095 1595 iudica-

160 1607 249 1632 vimus
267 1605 460 1630 schismaticos
479 1609 506 1630 et
524 1604 716 1638 blasphemos,
739 1609 766 1630 et
790 1609 922 1637 tanquam
939 1604 1096 1630 haereticos

158 1640 325 1675 puniendos,
347 1639 482 1672 expositis
500 1639 627 1672 personis
645 1646 742 1664 eorum
760 1647 776 1663 a
793 1638 923 1664 fidelibus
942 1638 1096 1672 capiendis,

159 1675 288 1701 omnibus
302 1673 455 1705 beneficiis,
473 1673 581 1704 officiis,
599 1673 761 1704 honoribus,
778 1672 960 1706 dignitatibus
975 1678 1003 1698 et
1017 1681 1095 1706 prae-

158 1709 254 1735 laturis
273 1713 409 1742 perpetuo
427 1708 568 1741 privantes
587 1707 714 1739 eosdem,
737 1712 764 1732 et
787 1707 938 1733 reddentes
958 1707 1095 1733 inhabiles

158 1744 195 1770 ad
208 1743 348 1774 habenda,
366 1742 472 1768 cunctis
486 1750 582 1768 eorum
595 1742 676 1767 bonis
690 1741 840 1767 mobilibus
855 1746 882 1767 et
895 1741 1095 1773 immobilibus,

159 1778 265 1804 iuribus
279 1783 307 1803 et
321 1776 556 1802 iurisdictionibus
575 1776 732 1810 publicatis.
771 1776 875 1801 Contra
888 1781 968 1801 natos
982 1776 1096 1810 insuper

158 1819 186 1839 et
204 1818 334 1846 posteros
353 1811 419 1836 dicti
436 1811 546 1836 Ioannis
564 1810 744 1844 spiritualiter
762 1815 790 1836 et
808 1811 1000 1843 temporaliter
1019 1810 1094 1836 duxi-

159 1856 221 1873 mus
246 1845 435 1879 multipliciter
460 1844 684 1878 procedendum,
709 1853 807 1870 eorum
832 1844 913 1870 bonis
939 1849 967 1870 et
992 1845 1095 1870 iuribus

158 1881 308 1916 publicatis
322 1884 350 1906 et
363 1879 531 1911 confiscatis,
545 1878 688 1912 ipsisque?
702 1878 821 1912 posteris
833 1878 897 1904 dicti
912 1879 1032 1910 Ioannis,
1046 1888 1096 1912 per

158 1915 341 1942 masculinam
359 1918 387 1940 et
405 1913 566 1939 femininam
583 1913 685 1939 lineam
704 1912 951 1945 descendentibus,
973 1913 1095 1945 indignis

160 1954 296 1984 perpetuo
322 1948 438 1974 redditis
463 1947 499 1973 ad
524 1947 710 1973 cardinalatus
738 1948 874 1973 honorem
899 1952 927 1973 et
952 1947 1096 1981 quaelibet

160 1984 262 2015 officia,
280 1982 417 2009 beneficia
431 1987 457 2008 et
472 1982 625 2008 ministeria
639 1982 665 2006 in
679 1981 799 2007 ecclesia
812 1986 967 2007 memorata
980 1982 1023 2007 vel
1037 1982 1096 2007 eius

159 2019 243 2050 curia,
261 2017 326 2043 alibi
340 2025 407 2042 vero
422 2025 510 2050 usque
523 2016 559 2042 ad
573 2021 701 2050 quartam
719 2016 939 2048 generationem.
976 2017 1096 2042 Omnem

158 2060 318 2087 personam,
337 2056 513 2085 praesentem
527 2056 555 2076 et
568 2050 698 2082 futuram,
716 2051 907 2084 cuiuscunque
921 2050 1003 2076 fuerit
1017 2059 1096 2084 prae-

159 2087 368 2117 eminentiae&
386 2085 564 2117 conditionis,
582 2085 726 2117 dignitatis
740 2090 786 2110 aut
805 2089 895 2110 status
914 2085 1095 2111 ecclesiastici

158 2123 202 2148 vel
228 2120 373 2152 mundani,
403 2119 522 2152 (etiamsi
555 2119 627 2145 foret
652 2123 765 2145 sanctae
790 2119 934 2145 Romanae
960 2119 1096 2145 ecclesiae

159 2155 328 2187 cardinalis,')
358 2162 430 2188 quae
461 2154 537 2187 ipsos
566 2154 697 2179 Iacobum
723 2158 751 2179 et
776 2154 901 2186 Petrum,
930 2154 974 2180 vel
999 2162 1096 2180 eorum

159 2192 277 2217 alterurn
295 2189 416 2215 scienter
433 2193 460 2214 et
479 2188 634 2214 deliberate
652 2196 703 2222 pro
722 2188 909 2214 cardinalibus
927 2188 1055 2214 habuerit
1069 2193 1097 2214 et

159 2225 288 2256 tenuerit,
306 2228 354 2249 aut
371 2223 407 2248 ad
425 2223 625 2248 cardinalatum
643 2222 796 2253 admiserit,
819 2231 868 2248 seu
885 2227 982 2248 votum
1000 2231 1096 2248 eorum

158 2260 220 2286 vel'J
232 2258 348 2284 alicuius
367 2257 491 2291 ipsorum
505 2257 667 2289 suffragium
681 2257 708 2281 in
722 2257 858 2283 electione
873 2257 990 2282 Romani
1006 2257 1096 2282 Ponti-

161 2294 218 2319 ficis
237 2292 390 2323 admiserit,
409 2296 455 2317 aut
474 2292 501 2316 in
514 2291 676 2317 Pontificem
689 2292 847 2317 Romanum
865 2291 991 2324 elegerit,
1009 2292 1096 2317 nomi-

160 2328 276 2358 naverit,
294 2326 478 2359 assumpserit
491 2326 534 2351 vel
552 2326 698 2359 receperit,
717 2334 764 2351 seu
779 2325 888 2351 dederit
907 2326 933 2351 in
947 2326 989 2351 his
1003 2326 1047 2352 vel
1060 2326 1095 2351 ad

160 2364 213 2388 hoc
237 2361 378 2391 auxilium,
403 2360 548 2385 consilium
573 2361 616 2385 vel
642 2359 775 2391 favorem,
800 2360 1096 2386 excommunicationis

158 2396 297 2423 sententia
322 2395 451 2420 duximus
476 2394 683 2425 innodandum,
707 2403 723 2419 a
749 2403 803 2427 qua
828 2395 936 2428 absque
961 2403 1096 2428 expressa

157 2431 270 2458 licentia
283 2429 402 2455 Romani
416 2428 556 2454 I'ontificis
570 2437 625 2454 non
643 2429 732 2462 possit
746 2429 863 2461 absolvi,
882 2437 934 2454 nec
947 2429 1031 2455 etiam
1045 2437 1096 2463 per

159 2465 308 2497 collegium
325 2463 498 2497 apostolicae
516 2463 592 2488 sedis
610 2462 711 2488 eadem
724 2463 793 2488 sede
807 2468 931 2489 vacante.
968 2464 1095 2497 Eamque

160 2499 343 2534 praelatione,
357 2497 502 2531 dignitate,
522 2502 594 2522 statu
609 2502 636 2523 et
650 2497 756 2522 honore
770 2497 967 2523 ecclesiasticis
982 2498 1094 2523 omnino

159 2535 310 2569 privamus,
333 2532 510 2557 nihilominus
533 2539 642 2563 omnes,
664 2531 711 2564 qui
733 2531 814 2556 dictis
839 2532 938 2557 Iacobo
962 2537 989 2558 et
1012 2533 1094 2557 Petro

159 2569 228 2594 alias
242 2573 269 2593 et
283 2567 354 2592 natis
368 2566 433 2591 dicti
448 2566 557 2591 Ioannis
577 2565 700 2591 favorem
714 2565 892 2599 praebuerint
906 2566 949 2592 vel
963 2566 1095 2592 auxilium

160 2604 187 2629 in
209 2602 361 2628 rebellione
382 2601 425 2626 vel
448 2600 600 2626 schismate
621 2600 849 2634 persistentibus,
875 2601 1095 2626 excommunica-

160 2637 243 2663 tionis
261 2635 400 2662 sententia
418 2634 593 2660 innodantes.
629 2635 706 2659 Haec
724 2639 751 2660 et
769 2634 831 2665 alia,
850 2643 900 2668 per
918 2643 968 2660 nos
983 2635 1055 2660 facta
1069 2635 1095 2660 in

159 2671 309 2706 praedictis
328 2669 430 2695 nostris
453 2669 641 2703 processibus,
664 2673 691 2694 et
713 2668 740 2693 in
759 2668 844 2694 literis
862 2670 965 2694 nostris
984 2669 1095 2695 bullatis

159 2714 244 2739 super
266 2705 306 2731 eis
329 2703 463 2730 confectis
488 2707 633 2735 contenta,
658 2703 710 2728 hac
735 2703 933 2729 constitutione
959 2708 1096 2737 perpetuo

161 2741 278 2766 valitura
311 2738 494 2770 ratificamus,
527 2737 723 2763 confirmamus
752 2742 780 2763 et
809 2737 893 2763 etiam
924 2737 1096 2770 innovamus,

159 2774 367 2807 eandemque¹0
384 2773 419 2798 de
437 2781 510 2798 novo
532 2771 647 2798 facimus
667 2772 703 2798 de
720 2771 835 2797 fratrum
854 2776 1013 2797 nostrorum
1031 2780 1095 2797 con-

226 2878 283 2902 Tit.
302 2877 345 2901 JV.
363 2877 432 2908 Cap.
449 2877 470 2900 1.

159 2912 206 2942 Ιας
218 2913 366 2936 accessione:
380 2911 425 2941 Ic;
437 2912 591 2935 accensione:
604 2910 660 2936 Iba.

211 3022 263 3040 Tit.
278 3023 317 3040 ΙΙΙ.
345 3023 406 3046 Cap.
421 3028 458 3041 un.
495 3023 515 3045 l)
526 3024 559 3041 et:
573 3022 642 3041 derst:
656 3021 728 3041 ADEF

162 3048 262 3069 sphema:
277 3047 344 3066 icbb'
375 3049 396 3067 47
407 3049 551 3067 extimantes:
567 3047 634 3067 ACltE

161 3076 172 3088 ι.
193 3073 296 3091 milet-ta:
311 3074 336 3091 ὦ.
390 3074 410 3095 7)
421 3074 484 3097 ipsis:
499 3073 550 3092 Act)
602 3076 622 3097 8)
633 3074 781 3092 eminentiae:
795 3072 899 3092 aucum·

162 3100 193 3116 1¹¹1
206 3098 295 3116 cariem:
309 3100 334 3118 [J.-
348 3099 481 3122 ea‘lernque:
498 3098 549 3117 DEF

213 3124 264 3142 Ti:-
279 3124 316 3143 Π.
345 3125 404 3148 Cap.
419 3124 436 3143 1.
464 3127 483 3149 ι)
495 3125 597 3145 excluso:
612 3124 671 3144 Mle
701 3126 721 3149 2]
732 3124 794 3145 adds
809 3125 876 3150 ipsas:
895 3123 973 3149 ACIbcf
1003 3123 1023 3148 3)
1033 3129 1094 3148 prae-

768 3021 789 3045 2)
801 3022 864 3041 dicta
879 3021 947 3040 dccsl:
961 3021 977 3040 C
1017 3022 1038 3043 3)
1050 3022 1094 3040 bla-

952 3072 973 3096 ss)
984 3075 1032 3091 aut:
1046 3073 1096 3091 ΔΕΓ

555 291 661 317 SEXTI
681 290 890 317 DECRETAL.
910 291 976 317 Lm.
997 291 1029 317 V.
1049 291 1118 318 TIT.
1138 291 1180 317 lII.
1200 290 1245 318 lv.
1265 290 1315 317 DE
1335 290 1542 317 liOMIClDlO.
1563 297 1586 316 c.
1608 298 1630 317 1.
1650 298 1673 318 2.

525 2875 549 2910 a)
565 2875 672 2908 Compil,
686 2884 707 2901 c.
722 2884 764 2900 un.
777 2875 800 2900 71.
814 2879 830 2900 l.
845 2890 877 2893 —
889 2875 921 2900 In
935 2874 1028 2900 Bulla.-
1050 2877 1073 2900 A
1080 2877 1095 2901 d
1113 2877 1215 2910 exped.
1233 2885 1272 2901 no.
1290 2883 1330 2908 32.

662 3049 682 3070 5>
693 3048 847 3066 constitutioni
857 3047 980 3070 praesenti:
994 3046 1037 3066 Ala
1045 3047 1097 3065 lim*

2000 289 2068 316 1080

1134 369 1194 395 silio
1217 369 1431 403 praedictorum.
1476 368 1511 392 Et
1535 371 1563 392 ut
1585 367 1722 393 dictorum
1744 368 1849 393 malitia
1870 375 1925 393 non
1946 366 2067 392 inveniat

1134 412 1334 434 successorem,
1358 407 1384 428 et
1403 402 1515 436 punitae
1534 402 1763 434 transgressionis
1782 402 1924 436 exemplar
1946 401 2067 427 retrahat

1133 438 1201 463 alios
1227 438 1261 464 ab
1287 437 1406 469 offensa,
1435 444 1467 462 ac
1497 435 1523 461 in
1549 436 1718 462 oblivionem
1743 437 1845 462 veritas
1869 436 1984 462 veniens
2011 443 2067 460 non

1133 477 1250 505 vagetur
1263 473 1379 498 incerta:
1402 471 1549 496 statuimus
1568 474 1653 503 atque
1667 470 1850 502 decrevimus,
1868 475 1897 496 ut
1915 475 1943 496 et
1956 470 2016 504 ipsa
2029 469 2067 495 in-

1133 506 1299 532 violabiliter
1317 506 1510 536 observentur,
1527 509 1555 530 et
1574 504 1649 538 quod
1663 504 1767 530 similes
1783 513 1913 531 excessus
1927 509 1954 531 et
1968 504 2066 538 culpae

1133 541 1231 574 poenis
1246 541 1380 567 similibus
1395 540 1421 565 in
1435 543 1579 573 posterum
1592 539 1749 572 puniantur.

1451 619 1674 647 TITULUS
1701 619 1751 646 IV.

1414 677 1473 703 DE
1503 675 1784 703 HOMICIDIO.

1549 746 1565 765 C
1574 745 1621 765 ΑΙ).
1637 746 1653 764 Ι.

1131 780 1175 799 Per
1184 781 1307 800 assassinos
1323 781 1406 800 faciem
1422 781 1457 800 vel
1471 782 1556 799 tautum
1571 781 1681 799 mandans
1695 780 1792 804 aliquem
1808 780 1909 804 interfici,
1921 781 2026 804 tauquam
2042 780 2069 799 ab

1133 806 1235 825 omuibus
1250 807 1362 826 diffidatus
1378 808 1460 830 :ihs-que
1475 807 1569 825 alii-nius
1584 807 1709 830 prolatione
1728 807 1850 825 sententias
1870 807 1963 825 incurrit.
1982 811 2069 825 exeom-

1132 833 1292 851 municationis
1302 835 1323 852 et
1338 833 1484 857 depositionis
1495 834 1522 851 ab
1537 833 1610 851 officio
1621 835 1642 851 ct
1657 832 1773 851 beneficio.
1802 833 1829 850 11.
1840 832 1860 850 d.
1871 832 1993 851 secuudum
2004 832 2069 851 Zenz.

1219 874 1438 901 Innocentius
1458 875 1504 900 IV.
1524 874 1554 900 in
1574 874 1722 900 concilio
1742 873 1989 907 Lugdunensiss.

1201 917 1253 941 Pro
1271 917 1384 942 humani
1402 917 1597 950 redemptione
1616 917 1727 950 generis
1746 916 1781 942 de
1799 917 1913 942 summis
1928 916 2070 942 coelorum

1132 950 1168 976 ad
1193 950 1248 976 ima
1272 951 1369 976 mundi
1394 951 1583 983 descendens,
1612 956 1639 977 et
1668 956 1787 976 mortem
1816 950 1931 977 tandem
1955 950 2069 976 subiens

1132 985 1335 1018 temporalemb
1349 986 1403 1011 Dei
1415 986 1498 1011 Filius
1509 987 1585 1011 Iesus
1597 986 1733 1017 Christus,
1746 993 1781 1011 ne
1795 993 1911 1018 gregem
1924 985 1965 1011 sui
1979 985 2069 1019 pretio

1134 1019 1276 1052 sanguinis
1306 1020 1420 1052 gloriosi
1450 1020 1640 1053 redemptum,
1671 1020 1857 1045 adscensurus
1887 1024 1952 1053 post
1979 1027 2069 1045 resur-

1132 1054 1286 1079 rectionem
1311 1054 1347 1079 ad
1371 1054 1495 1085 Patrem,
1524 1055 1632 1088 absque
1657 1058 1770 1088 pastore
1795 1054 1953 1086 desereret,
1982 1053 2069 1087 ipsius

1133 1096 1227 1113 curam
1240 1089 1271 1113 B.
1286 1089 1365 1113 Petro
1379 1089 1527 1122 Apostolo,
1545 1093 1574 1114 ut
1592 1097 1660 1114 suae
1673 1088 1825 1114 stabilitate
1839 1088 1903 1114 fidei
1917 1092 2026 1114 ceteros
2040 1088 2068 1114 in

1133 1122 1290 1148 Christiana
1308 1123 1442 1155 religione
1464 1122 1586 1148 firmaret
1604 1131 1758 1156 eorumque
1780 1126 1889 1148 mentes
1911 1122 1948 1148 ad
1969 1123 2068 1148 salutis

1133 1165 1219 1190 opera
1237 1165 1304 1182 suae
1317 1157 1483 1182 accenderet
1497 1157 1656 1183 devotionis
1673 1157 1784 1189 ardore,
1802 1157 1949 1182 commisit.
1985 1157 2069 1183 Unde

1132 1199 1193 1223 nos,
1211 1191 1339 1217 eiusdem
1352 1191 1482 1224 Apostoli
1501 1191 1592 1217 effecti
1611 1191 1779 1225 disponente
1792 1191 1924 1223 Domino,
1942 1191 2007 1217 licet
2019 1190 2069 1216 im-

1133 1225 1234 1257 meriti,
1256 1233 1445 1257 successores,
1467 1230 1495 1251 et
1509 1226 1595 1259 ipsius
1618 1226 1803 1259 redemptoris
1825 1226 1917 1251 locum
1934 1226 1962 1251 in
1979 1225 2070 1258 terris,

1133 1268 1294 1293 quanquam
1305 1260 1428 1292 indigne,
1439 1264 1577 1291 tenentes,
1588 1260 1660 1286 circa
1669 1260 1764 1293 gregis
1775 1260 1902 1286 eiusdem
1913 1260 2070 1285 custodiam

1132 1294 1258 1319 sollicitis
1269 1294 1380 1320 excitati
1390 1294 1492 1327 vigiliis
1506 1298 1534 1319 et
1547 1294 1702 1320 animarum
1715 1294 1797 1320 saluti
1811 1294 1882 1327 iugis
1896 1295 2069 1320 attentionec

1133 1328 1311 1361 cogitationis
1334 1329 1480 1354 intendere
1501 1328 1695 1354 submovendo
1717 1329 1800 1354 noxia
1821 1333 1849 1354 et
1871 1328 1982 1362 agendo
2004 1337 2068 1362 pro-

1134 1362 1225 1388 futura
1243 1363 1390 1395 debemus,
1408 1367 1447 1395 ut,
1465 1364 1599 1388 excussol
1621 1372 1638 1388 a
1655 1363 1736 1388 nobis
1753 1363 1943 1396 negligentiae
1960 1371 2069 1396 somno,

1133 1397 1277 1431 nostrique
1313 1397 1405 1422 cordis
1442 1397 1528 1422 oculis
1566 1397 1710 1430 diligentia
1746 1397 1845 1423 sedula
1879 1397 2069 1430 vigilantibus,

1133 1432 1274 1457 animas‘ss*
1304 1432 1366 1457 Deo
1396 1431 1558 1457 lucrifacere
1588 1440 1638 1457 sua
1667 1431 1748 1457 nobis
1778 1436 1946 1465 cooperante
1979 1432 2069 1464 gratia

1133 1466 1285 1492 valeamus.
1338 1465 1359 1500 ξ.
1381 1475 1402 1491 1.
1431 1466 1523 1499 Quum
1548 1465 1632 1499 igitur
1657 1466 1703 1498 illi,
1730 1466 1776 1499 qui
1801 1466 1841 1491 sic
1865 1466 2006 1491 horrenda
2029 1466 2069 1492 in-

1133 1501 1305 1526 humanitate
1319 1500 1542 1534 detestandaque
1560 1500 1676 1526 saevitia
1693 1504 1814 1526 mortem
1833 1500 1929 1525 sitiunt
1941 1500 2068 1533 aliorum,

1133 1540 1161 1560 ut
1176 1535 1252 1568 ipsos
1267 1535 1370 1560 faciant
1387 1543 1437 1568 per
1450 1535 1608 1560 assassinos
1622 1534 1721 1567 occidi,
1738 1543 1794 1560 non
1807 1535 1898 1560 solum
1911 1542 2068 1568 corporum,

1132 1569 1183 1595 sed
1201 1574 1321 1595 mortem
1339 1574 1489 1603 procurent
1507 1569 1591 1595 etiam
1604 1569 1767 1600 animarum,
1785 1569 1837 1594 nisi
1851 1577 1900 1594 eos
1914 1569 2070 1595 exuberans

1132 1604 1221 1637 gratia
1239 1604 1332 1629 divina
1350 1603 1551 1637 praevenerit3,
1570 1608 1599 1628 ut
1617 1604 1672 1629 sint
1689 1604 1772 1629 armis
1786 1603 1976 1637 spiritualibus
1990 1612 2068 1637 prae-

1132 1638 1238 1670 muniti,
1255 1646 1289 1663 ac
1307 1638 1396 1664 omnis
1415 1642 1541 1672 potestas
1560 1638 1696 1664 tribuatur
1713 1647 1729 1663 a
1742 1638 1863 1663 Domino
1881 1638 1918 1664 ad
1936 1637 2069 1664 iustitiam

1132 1678 1296 1706 rectumque
1330 1672 1462 1698 iudicium
1496 1672 1696 1698 exercendum:
1732 1680 1798 1704 nos,
1835 1676 1911 1698 tanto
1944 1672 2069 1706 periculo

1131 1708 1258 1733 volentes
1295 1715 1442 1732 occurrere
1475 1707 1643 1739 animarum,
1680 1711 1707 1733 et
1743 1710 1801 1732 tam
1833 1706 1953 1733 nefarias
1990 1715 2069 1741 prae-

1131 1741 1339 1775 sumptiones⁴⁸
1353 1741 1559 1767 ecclesiasticae
1572 1741 1820 1767 animadversionis
1830 1749 1964 1767 mucrone
1977 1741 2070 1774 ferire,

1132 1781 1160 1802 ut
1178 1781 1269 1802 metus
1289 1784 1396 1810 poenae
1415 1780 1492 1801 meta
1508 1775 1669 1801 huiusmodi
1687 1775 1923 1809 praesumptionis
1942 1776 2067 1808 exsistat,

1132 1811 1298 1844 praesertim
1317 1819 1402 1844 quum
1420 1810 1545 1835 nonnulli
1563 1814 1718 1843 magnates,
1741 1810 1832 1835 taliter
1853 1810 1952 1843 perimi
1973 1810 2068 1836 formi-

1132 1845 1240 1876 dantes,
1263 1845 1351 1870 coacti
1370 1844 1471 1870 fuerint
1489 1844 1669 1870 securitatem
1687 1845 1722 1870 ab
1740 1844 1893 1870 eorundem
1915 1844 2069 1870 assassino-

1132 1888 1192 1904 rum
1206 1879 1319 1904 domino
1333 1879 1493 1912 impetrare,
1507 1878 1604 1912 sicque
1615 1879 1650 1904 ab
1662 1887 1695 1904 eo
1710 1887 1765 1904 non
1776 1879 1884 1912 absque
1895 1878 2069 1905 Christianae

1132 1913 1275 1946 dignitatis
1298 1913 1449 1947 opprobrio
1476 1913 1614 1938 redimere
1637 1913 1847 1946 quodammodo
1868 1912 1955 1938 vitam
1976 1922 2068 1940 suam:

1131 1947 1152 1982 §.
1167 1956 1190 1973 2.
1211 1948 1286 1973 Sacri
1305 1947 1509 1981 approbatione
1528 1947 1636 1972 concilii
1659 1947 1819 1979 statuimus,
1841 1951 1885 1980 ut,
1908 1947 2068 1982 quicunque

1132 1982 1271 2016 princeps,
1282 1982 1422 2016 praelatus
1434 1989 1483 2007 seu
1495 1981 1609 2015 quaevis
1620 1981 1674 2007 alia
1684 1981 1873 2007 ecclesiastica
1883 1982 2070 2008 saecularisve

1131 2025 1253 2050 persona
1271 2016 1433 2050 quempiam
1451 2016 1671 2042 Christianorum
1692 2024 1743 2049 per
1765 2016 1889 2041 dictos-'³⁸
1911 2016 2068 2042 assassinos

1132 2051 1248 2076 interfici
1270 2051 1367 2076 fecerit
1384 2050 1428 2076 vel
1446 2050 1531 2076 etiam
1548 2050 1732 2082 mandaverit,
1754 2051 1925 2084 (quanquam
1942 2059 2017 2076 mors
2036 2060 2069 2077 ex

1132 2086 1185 2111 hoc
1208 2085 1324 2110 forsitan
1347 2093 1404 2110 non
1429 2085 1582 2118 sequatur)
1607 2089 1654 2110 aut
1678 2093 1727 2110 eos
1750 2085 1934 2118 receptaverit
1955 2085 2000 2111 vel
2021 2086 2069 2112 de-

1132 2119 1252 2145 fenderit
1266 2128 1313 2145 seu
1328 2119 1518 2150 occultaverit,
1537 2119 1829 2144 excommunicationis
1843 2123 1871 2144 et
1885 2119 2068 2153 depositionis

1131 2163 1148 2180 a
1170 2154 1320 2187 dignitate,
1341 2154 1462 2186 honore,
1485 2153 1597 2185 ordine,
1622 2153 1715 2178 officio
1738 2158 1767 2179 et
1787 2153 1925 2179 beneficio
1947 2154 2069 2180 incurrat

1132 2189 1286 2214 sententias
1300 2189 1361 2222 ipso
1376 2188 1460 2220 facto,
1474 2192 1502 2214 et
1516 2188 1610 2213 illasfl*
1624 2188 1712 2213 libere
1725 2187 1786 2213 aliis
1799 2196 1850 2221 per
1862 2187 1933 2221 illos,
1946 2188 1983 2214 ad
1997 2197 2067 2222 quos

1132 2232 1227 2249 eorum
1241 2223 1354 2248 collatio
1372 2222 1501 2256 pertinet,
1520 2222 1705 2248 conferantur.
1741 2222 1816 2247 SitT*
1833 2221 1918 2248 etiam
1936 2231 1998 2248 cum
2011 2223 2068 2249 suis

1132 2257 1213 2283 bonis
1239 2257 1388 2283 mundanis
1415 2257 1544 2282 omnibus
1571 2261 1705 2290 tanquam
1728 2256 1903 2282 Christianae
1925 2257 2068 2290 religionis

1131 2292 1256 2318 aemulus
1275 2300 1291 2317 a
1309 2296 1367 2317 toto
1387 2290 1546 2317 Christiano
1564 2291 1670 2324 populo
1688 2291 1844 2325 perpetuo8
1861 2291 2014 2323 diffidatus,
2031 2296 2070 2324 et,

1131 2331 1282 2360 postquam
1312 2325 1504 2359 probabilibus
1535 2325 1690 2351 constiterit
1718 2325 1916 2358 argumentisfl),
1945 2325 2069 2360 aliquem

1132 2361 1223 2386 scelus
1243 2365 1299 2386 tam
1317 2359 1488 2386 exsecrabile
1507 2359 1691 2391 commisisse,
1713 2360 1870 2385 nullatenus
1887 2360 1941 2385 alia
1958 2368 2069 2386 excom-

1131 2394 1326 2421 municationis
1339 2395 1384 2420 vel
1398 2394 1583 2428 depositionis
1598 2402 1647 2420 seu
1661 2394 1842 2420 diffidationis
1856 2394 1990 2420 adversus
2004 2403 2068 2421 eum

1131 2429 1270 2455 sententia
1282 2429 1448 2463 requiratur.

1545 2472 1617 2491 oAP.
1634 2473 1660 2491 11.

1131 2507 1185 2526 Sine
1199 2513 1270 2530 poena
1286 2507 1456 2529 irregularitatis
1471 2508 1563 2530 possunt
1576 2507 1652 2526 elerici
1668 2506 1696 2525 de
1709 2507 1755 2525 suis
1770 2506 1952 2526 malefactoribus
1962 2507 2069 2531 conqueri

1131 2539 1205 2552 eoram
1225 2533 1298 2552 iudice
1317 2533 1433 2556 saeculari,
1450 2533 1516 2551 etiam
1536 2533 1563 2551 ‹le
1583 2532 1722 2555 criminibus,
1742 2537 1769 2551 ex
1788 2532 1868 2556 quibus
1886 2532 1980 2552 debetur
1998 2538 2070 2557 poena

1131 2559 1252 2583 sanguinis,
1263 2564 1367 2583 expresse
1377 2558 1599 2603 1›r0testaifil‹›,¹qluo‹l
1609 2558 1637 2577 ad
1648 2564 1747 2602 {nuoglnam
1762 2558 1877 2581 sanguinis
1887 2564 1932 2577 non
1942 2559 2069 2578 intendunt.

1507 2598 1511 2604 .
1522 2589 1528 2602 (
1538 2598 1542 2603 .
1564 2589 1630 2603 naun.
1641 2593 1648 2602 .-
1707 2597 1712 2602 .

1458 2625 1655 2651 Bonifacius
1674 2626 1744 2651 VIII.

1200 2669 1332 2695 I'raelatis
1351 2669 1394 2695 vel
1413 2669 1519 2694 clericis
1539 2669 1761 2702 quibuscunque,
1783 2668 1840 2702 qui,
1863 2669 1898 2694 de
1915 2668 1992 2694 laicis
2009 2667 2066 2694 suis

1131 2703 1358 2730 malefactoribus
1381 2703 1525 2737 querelam
1550 2711 1637 2737 penes
1662 2703 1835 2729 saecularem
1857 2703 1994 2728 iudicem1
2019 2701 2066 2728 de-

1131 2743 1280 2772 ponentes,
1294 2742 1393 2772 petunt
1407 2737 1556 2764 emendam
1570 2737 1622 2763 sibi
1637 2737 1706 2770 fieri,
1719 2742 1747 2763 et
1759 2737 1909 2771 provideri,
1922 2745 1957 2762 ne
1970 2740 2066 2762 contra

1131 2781 1180 2799 eos
1204 2773 1270 2798 talia
1292 2772 1327 2799 de
1349 2778 1444 2799 cetero
1466 2776 1692 2806 praesumantur,
1717 2771 1900 2806 protestando
1925 2778 2066 2804 expresse,

1396 2875 1422 2909 b)
1436 2877 1599 2909 corporalem:
1612 2875 1659 2907 Id;
1670 2875 1750 2901 deest:
1763 2875 1792 2901 Ic
1854 2873 1876 2907 c)
1890 2873 2066 2899 accessionem:

1896 3018 1916 3043 5)
1927 3019 2064 3042 praedictus:

1414 3022 1435 3045 4)
1446 3022 1543 3042 nefarios
1552 3022 1741 3046 praesumptores:
1755 3018 1816 3039 Aeol

1831 3043 1934 3068 8)per1›.:
1949 3044 2016 3064 deest:
2030 3045 2066 3064 ΠΕ

1571 3047 1592 3071 7)
1601 3047 1646 3066 sie:
1659 3044 1760 3065 ABJahcd

1129 3023 1243 3041 venerint:
1258 3021 1330 3041 ΛΙΙΙΙΕ

1130 3048 1243 3067 ΛΙΙΟΙΙΕΓΙ
1319 3048 1340 3071 6)
1351 3048 1403 3067 ista:
1419 3048 1494 3067 &laede

1130 3074 1150 3098 ἐι)
1161 3074 1313 3093 documentis:
1328 3073 1369 3092 ΔΙΙιι

1183 3100 1243 3124 (lap.
1259 3100 1286 3118 ΙΙ.
1315 3100 1335 3123 1)
1346 3099 1470 3119 saeculares
1480 3098 1576 3118 iudices:
1590 3097 1614 3116 A.
