2243 3288
132 286 200 313 1121

134 364 239 397 deprav
242 366 302 389 etur
314 361 342 388 in
355 361 458 396 aliquo,
472 370 522 388 seu
536 362 744 397 distorqueatur
756 362 793 389 ad
802 361 888 395 aliud,
899 369 983 396 quam
993 361 1072 388 litera

134 398 196 432 ipsa
209 401 299 423 sonat.
324 397 359 422 Et
372 405 408 422 ne
421 397 576 423 secundum
582 398 619 415 '2¹⁶
632 397 776 431 praedicta
788 402 885 423 contra
898 397 1070 422 detractores

133 431 292 458 huiusmodi
311 435 441 465 oporteat
458 431 572 457 ulterius
592 431 732 458 laborare:
755 432 890 457 universis
908 439 941 456 ac
954 431 1070 464 singulis

134 466 324 499 cuiuscunque
338 465 586 499 praeeminentiae,
596 466 764 492 conditionis
775 471 822 492 aut
835 470 934 498 status,
946 465 1070 491 districte

133 500 329 534 praecipimus,
336 508 371 525 ne
382 505 479 525 contra
488 501 661 540 praedictam
670 501 831 534 regulamet
842 504 946 526 statum
956 500 1071 525 fratrum

132 534 350 568 praedictorum,
360 543 409 560 seu
421 539 517 560 contra
527 535 683 569 praemissa
692 543 743 569 per
752 543 803 560 nos
814 539 928 566 statuta,
934 534 1043 560 ordinat
1046 543 1071 567 a,

133 577 276 601 concessa,
299 568 445 602 disposita,
463 569 627 602 decreta‘ffi',
646 570 796 601 declarata,
814 569 953 603 suppleta,
970 577 1070 602 appro-

132 603 208 635 bata,
216 607 244 629 et
255 603 339 629 etiarn
349 603 523 636 confirmata,
530 603 729 637 dogmatizent,
736 603 869 635 scribant,
876 603 1071 635 determinent,

132 637 305 671 praedicent,
319 646 368 663 seu
382 646 467 671 prave
481 638 632 672 loquantur
645 638 757 672 publice
767 638 812 664 vel
825 638 942 663 occulte.
980 638 1035 663 Sed
1049 638 1071 663 si

133 672 201 705 quid
220 680 308 705 penes
330 672 454 705 aliquem
475 672 503 698 in
531 673 574 698 his
597 672 789 706 ambiguitatis
814 672 969 704 emerserit,
994 672 1072 697 adm-³

133 706 244 732 culmen
257 706 419 740 praedictae
433 707 510 733 sedis
523 707 696 741 apostolicae
711 706 874 739 deducatur,
887 712 916 732 ut
931 715 964 732 ex
977 711 1071 732 aucto-

132 741 214 766 ritate
236 741 392 775 apostolica
413 749 463 766 sua
481 741 509 766 in
526 742 580 767 hoc
597 741 792 767 manifestetur
809 741 936 773 intentio,
959 741 1001 766 cui
1021 741 1072 766 soli

133 783 300 801 concessum
313 780 357 801 est
374 775 401 800 in
418 776 461 801 his
476 780 580 801 statuta
593 775 792 801 concedere21⁹
805 780 833 801 et
847 775 923 801 edita
930 775 967 794 ²2⁰
981 776 1071 801 decla-

132 818 204 835 rare.
223 810 388 836 Glossantes
402 818 468 836 vero
479 810 507 835 in
517 810 627 844 scriptis
639 810 867 836 constitutionem
881 810 970 844 ipsam
984 810 1071 842 aliter,

133 852 218 878 quam
231 852 265 870 eo
278 844 374 876 modo,
393 845 519 878 quem‘2'21
537 845 665 876 diximus,
684 844 814 870 doctores
832 845 942 870 vero'-'²2
959 845 1072 878 insuper

134 884 162 904 et
174 879 305 911 lectores,
319 879 386 904 dum
400 879 503 904 docent
516 879 544 904 in
557 879 679 913 publico,
698 887 731 904 ex
745 884 821 905 certa
834 879 950 905 scientia
963 884 992 904 et
1005 879 1072 905 deli-

134 914 232 939 berate
257 913 430 939 intellectum
455 913 661 939 constitutionis
690 913 849 939 huiusmodi
876 914 1072 947 depravantes,

135 948 271 973 facientes
285 955 398 981 quoque
412 952 611 980 commentum,
629 947 781 981 scripturas
795 957 845 974 seu
858 948 979 980 libellos,
999 956 1030 973 ac
1037 949 1073 965 ²²²⁵

134 991 168 1008 ex
181 987 257 1008 certa
272 982 388 1008 scientia
401 986 430 1007 et
443 982 598 1008 deliberate
612 982 831 1008 determinantes
850 983 877 1008 in
891 983 1004 1014 scholiS,
1023 991 1072 1008 seu

134 1016 330 1051 praedicantes
349 1021 447 1042 contra
464 1017 618 1050 praedicta,
636 1017 681 1043 vel
694 1017 789 1056 aliqua
803 1026 853 1043 seu
866 1017 980 1050 aliquod
994 1025 1072 1050 prae-

135 1051 282 1083 dictorum,
301 1051 369 1083 (non
387 1051 564 1077 obstantibus
582 1051 723 1089 aliquibus
742 1052 904 1085 privilegiis,
922 1052 967 1077 vel
985 1051 1073 1076 indul-

134 1085 237 1119 gentiis
259 1090 307 1111 aut
331 1085 417 1111 literis
442 1086 614 1119 apostolicis,
641 1073 858 1124 quibuscunque
881 1072 1073 1119 dignitatibus,

134 1121 272 1154 personis,
284 1119 438 1151 ordinibus,
449 1125 496 1145 aut
506 1120 574 1146 locis
585 1120 723 1153 religiosis
733 1129 749 1145 v
752 1121 777 1146 el
788 1121 977 1146 saecularibus
989 1129 1073 1153 gene-

135 1155 230 1180 raliter
241 1154 287 1180 vel
300 1154 478 1188 singulariter
491 1155 543 1180 sub
558 1163 725 1188 quacunque
738 1155 829 1180 forma
838 1164 855 1179 1·
857 1155 883 1181 el
894 1155 1074 1188 expressione

135 1190 286 1219 verborum
303 1189 456 1221 concessis,
475 1197 548 1223 quae
566 1189 696 1215 nolumus
714 1189 873 1223 aliquibus
867 1198 895 1215 111
912 1189 1074 1223 praemissis

136 1223 352 1258 quomodolibet
382 1223 550 1257 suffragari,)
579 1224 875 1250 excommunicationis
908 1224 1074 1256 sententiae,

137 1267 222 1292 quam
234 1266 307 1284 nunc
320 1266 348 1283 m
361 1258 438 1296 ipsos
451 1258 629 1292 proferimus,
640 1267 670 1284 se
683 1267 738 1283 nov
741 1258 811 1284 erint
824 1258 980 1290 subiacere,
993 1267 1009 1283 a
1020 1266 1075 1292 qua

135 1301 186 1327 per
198 1293 340 1319 nerninem
352 1293 405 1317 nisi
422 1301 474 1326 per
486 1293 644 1319 Romanum
657 1293 820 1318 Pontificem
833 1293 942 1327 possint
955 1293 1073 1318 absolvi.

136 1330 252 1361 Insuper
270 1331 326 1352 tam
344 1327 423 1357 istos
441 1332 539 1353 contra
557 1336 628 1361 quos
646 1336 697 1361 per
714 1336 766 1353 nos
781 1327 1074 1353 excommunicationis

136 1367 180 1388 est
201 1361 311 1401 prolata
332 1362 480 1394 sententia,
503 1371 588 1396 quam
609 1362 687 1401 alios,
710 1362 744 1395 (si
765 1361 811 1396 qui
834 1362 956 1394 fuerint,)
979 1366 1076 1387 contra

137 1397 293 1431 praemissa
302 1405 320 1421 v
322 1396 347 1422 el
361 1404 458 1422 eorum
468 1396 584 1436 aliquod
593 1405 610 1421 v
612 1397 748 1429 enientes,
761 1397 813 1422 ad-
808 1397 839 1414 24
852 1396 928 1422 sedis
938 1404 1075 1422 memora—

137 1437 183 1457 tae
193 1431 322 1457 volumus
334 1430 435 1457 deduci
446 1431 582 1470 notitiam,
593 1436 631 1463 ut,
643 1439 713 1464 quos
727 1431 854 1465 provisus
865 1431 967 1456 modus
981 1431 1075 1464 aequi-

138 1466 202 1492 tatis
216 1474 270 1491 non
283 1469 359 1491 arcet
371 1474 388 1490 a
400 1465 503 1498 vetitis,
514 1470 675 1500 compescat
687 1474 763 1499 rlgor
772 1466 944 1504 apostolicae
955 1465 1076 1491 ultionis.

137 1500 212 1526 Nulli
234 1508 301 1534 ergo
325 1500 437 1525 omnino
459 1500 604 1526 hominum
625 1501 707 1525 liceat
712 1487 796 1526 ὕ113116
814 1499 946 1538 paginam
963 1504 1076 1525 nostrae

140 1534 348 1567 declarationis,
370 1534 563 1567 ordinationis,
586 1535 785 1567 concessionis,
804 1534 1007 1573 dispositionis,
1029 1543 1076 1568 ap-

139 1569 322 1608 probationis,
344 1569 562 1595 confirmationis
581 1574 609 1595 et
627 1569 832 1595 constitutionis
850 1569 1011 1603 infringere,
1032 1569 1077 1594 vel

138 1613 164 1630 ei
186 1612 255 1630 ausu
273 1603 422 1629 temerario
444 1604 591 1630 contraire.
627 1604 655 1629 Si
674 1604 735 1638 quis
753 1608 848 1629 autem
866 1604 920 1629 hoc
937 1608 1076 1630 attentare

139 1638 370 1678 praesumpserit,
381 1638 603 1672 indignationem
614 1638 813 1672 omnipotentis
825 1638 878 1664 Dei
889 1643 917 1664 et
929 1638 1077 1664 beatorum

139 1673 213 1700 Petri
227 1678 255 1699 et
268 1673 345 1698 Pauli
358 1673 561 1706 Apostolorum
574 1673 633 1698 eius
647 1681 678 1698 se
691 1681 746 1698 nov
749 1673 801 1699 erit
813 1673 996 1698 incursurum.
1021 1673 1077 1698 Da—

139 1712 199 1734 tum
211 1707 362 1768 Sirianig'5
362 1708 461 1733 XVIII.
472 1707 592 1734 Kalend
602 1707 787 1742 Septembris,
796 1707 977 1733 Pontificatus
990 1707 1077 1733 nostri

139 1751 212 1769 anno
226 1750 312 1769 secun
335 1750 351 1767 o

547 1810 619 1832 CAP.
634 1811 673 1832 tv.

138 1851 254 1876 Exemptis
273 1850 337 1871 cellis
355 1850 451 1871 alicuius
466 1851 604 1874 monasterii,
620 1851 673 1875 quid
692 1849 812 1875 appellatio
827 1849 897 1871 cellae
910 1850 1027 1876 significet,
1042 1851 1079 1871 hic

464 1877 569 1897 ostendit.
596 1877 755 1897 Ioann.Audr.

464 1936 666 1963 Bonisacius
683 1936 754 1963 VIII.

209 1983 387 2018 privilegium
400 1983 571 2011 monasterio
585 1989 632 2010 tuo
646 1992 821 2017 concessum,
835 1989 865 2010 ut
877 1983 1007 2011 monachi
1021 1984 1080 2011 sive

141 2020 266 2046 fratres
260 2029 287 2045 111
304 2019 379 2045 cellis
397 2019 434 2045 ad
451 2019 653 2045 monasterium
674 2020 767 2053 ipsum
788 2020 980 2053 spectantibus
1001 2019 1079 2045 habi—

143 2060 234 2081 tantes
253 2055 288 2080 ab
306 2055 361 2080 alio
380 2062 464 2088 quam
477 2063 493 2080 a
506 2055 582 2088 Papa
598 2054 643 2080 vel
661 2054 721 2079 eius
739 2054 833 2087 legato
847 2053 1080 2080 excommunicari

140 2091 205 2115 autl
223 2089 367 2141 suspendi,
385 2089 430 2114 vel
440 2097 528 2127 ipsae
545 2089 632 2114 cellae
646 2088 793 2114 interdicto
807 2089 929 2122 supponi
947 2097 1003 2114 non
1016 2097 1080 2122 pos-

143 2124 223 2156 sint2,
237 2124 311 2149 11011ὀ
324 2123 444 2149 fratres'
438 2131 465 2148 m
479 2123 659 2156 prioratibus,
677 2123 804 2149 ecclesiis
818 2131 867 2149 seu
881 2123 995 2158 capellis
1009 2132 1080 2149 elus-

144 2159 209 2185 dem
222 2158 386 2184 monasterii
400 2162 616 2190 commorantes,
634 2162 682 2183 aut
695 2157 772 2191 ipsos
786 2158 933 2196 prioratus,
947 2158 1081 2184 ecclesias

142 2194 187 2219 vel
209 2193 332 2227 capellas
355 2192 390 2218 ab
409 2192 614 2218 ordinariorum
632 2192 822 2218 iurisdictione
840 2201 868 2217 111
885 2192 1007 2226 aliquo⁴,
1029 2192 1081 2218 sed

143 2228 300 2254 residentes
319 2232 427 2253 tantum
440 2227 467 2252 in
481 2226 568 2259 cellis,
586 2231 614 2252 et
627 2227 732 2252 cellas
727 2235 811 2260 1psas,
830 2227 894 2259 (hoc
907 2232 951 2252 est
963 2227 1026 2252 loca
1039 2235 1081 2253 se-

144 2267 221 2288 creta
238 2268 265 2288 et
284 2262 416 2294 solitaria,
436 2270 508 2295 quae
521 2261 556 2286 ab
575 2261 719 2287 hominurn
733 2266 863 2295 separata
876 2261 1004 2287 convictu
1018 2266 1082 2287 sunt

141 2296 446 2358 gdfcogtemplandum
464 2300 492 2322 et
504 2296 567 2322 Deo
581 2295 736 2321 vacandum
754 2296 914 2330 specialiter
926 2296 1081 2330 deputata,)

163 2340 178 2358 e
193 2340 227 2358 en
250 2336 287 2357 at.

558 2399 631 2420 CAP.
646 2399 673 2420 V.

142 2440 290 2464 privilegiato
308 2439 390 2464 aliquo.
406 2441 430 2459 ut
448 2439 518 2464 possit
532 2440 634 2459 conferre
650 2438 759 2459 beneficia
773 2437 906 2459 clericorum
920 2444 1018 2464 suorum,
1029 2439 1082 2464 quid

220 2467 340 2491 appellatio
351 2466 484 2485 elericorum
496 2471 586 2485 suorum
598 2466 706 2489 designet,
718 2466 823 2485 ostendit.
851 2466 929 2485 Ioanu.
940 2466 1010 2485 Andr.

565 2524 665 2551 Idem.

214 2572 291 2601 Sicut
312 2572 394 2600 nobis
417 2571 574 2607 significare
597 2571 709 2605 curasti,
732 2571 781 2598 tibi
803 2571 927 2607 gratiose
945 2572 1083 2599 concessi-

146 2616 218 2641 mus,
241 2614 271 2635 ut
287 2608 424 2635 beneficia
443 2608 606 2634 clericorum
629 2612 739 2633 tuorum
757 2607 917 2633 cedentium
936 2608 980 2633 vel
1002 2607 1083 2634 dece

146 2645 272 2671 dentium
289 2643 382 2677 possis
400 2642 536 2675 conferre,
551 2641 684 2676 quodque
702 2641 787 2668 iidem
801 2642 892 2668 clerici
910 2642 1083 2680 praebenda-

145 2687 207 2705 rum
222 2687 335 2704 suarum
352 2677 457 2703 fructus
471 2677 635 2711 percipiant,
655 2684 688 2701 ac
701 2676 723 2701 si
738 2677 765 2701 in
778 2677 835 2701 suis
849 2676 974 2702 ecclesiis
987 2685 1082 2710 perso-

146 2713 246 2740 naliter
270 2712 435 2739 residerent.
482 2712 587 2737 Verum
613 2711 677 2744 quia
702 2710 823 2749 dubitas,
849 2711 895 2744 qui
921 2711 1083 2737 clericorum

146 2753 257 2774 tuorum
275 2747 466 2781 appellatione
484 2746 606 2772 debeant
619 2745 768 2771 contineri:
787 2745 865 2771 brevi
878 2745 1083 2779 respondemus

147 2783 260 2808 oraculo
268 2783 286 2814 ¹,
300 2781 377 2815 quod
390 2781 472 2806 illos
467 2789 494 2806 m
506 2780 550 2806 his
564 2785 591 2806 et
604 2779 740 2805 similibus
754 2779 865 2805 casibus
880 2784 942 2805 tuos
956 2780 1084 2806 volumus

147 2817 264 2850 intelligi
282 2816 408 2847 clericos,
428 2815 474 2849 qui
493 2823 543 2849 per
561 2818 588 2840 te
601 2822 657 2840 non
672 2814 791 2847 quaesiti
809 2818 968 2853 propterea,
985 2815 1030 2840 vel
1043 2823 1084 2841 re-

147 2852 231 2885 cepti,
250 2852 309 2877 sine
328 2850 426 2876 fraude
439 2851 484 2876 et-¹
501 2849 612 2875 fictione
627 2848 752 2887 qualibet
765 2857 781 2873 1
784 2856 831 2874 ere
849 2848 888 2874 tui
901 2849 993 2874 clerici
1006 2849 1084 2875 sami-

147 2886 230 2912 liares
243 2885 389 2917 exsistunt,
408 2889 436 2910 et
449 2884 476 2910 in
495 2884 548 2909 tuis
562 2883 692 2917 expensis
706 2883 837 2909 continue
850 2883 997 2909 domestici
1011 2892 1085 2909 com—

147 2921 298 2959 mensales,
311 2919 420 2946 etiamsi
432 2918 537 2953 quosss‘
551 2926 584 2944 ex
598 2918 651 2944 illis
664 2917 814 2952 aliquando
827 2926 878 2951 pro
889 2919 943 2944 tuis
953 2918 1084 2952 gerendis

147 2955 268 2988 negotiis
281 2955 383 2981 abesse
395 2954 549 2986 contingat.

200 3058 253 3078 Tit.
267 3058 316 3078 XII.
345 3058 406 3083 Cap.
421 3058 461 3077 m.
506 3057 552 3080 216)
562 3057 638 3077 sedem
648 3056 797 3081 praedictam:
812 3056 838 3076 u'b.

149 3085 220 3109 suppl.
230 3086 263 3104 et:
277 3085 304 3104 111.
365 3085 411 3109 218)
421 3085 463 3103 hoe
474 3084 513 3103 adt
528 3083 554 3103 ub.
616 3084 662 3107 ³19)
673 3083 782 3103 condere:
796 3082 823 3102 ib.

148 3110 196 3133 221)
205 3116 260 3134 quo:
274 3111 300 3129 ib.
345 3112 391 3135 222)
401 3116 466 3130 vero:
481 3109 549 3129 deest.-
563 3109 589 3129 l'b.
633 3110 679 3134 223)
690 3112 722 3129 et:
737 3109 764 3128 ib.

148 3135 195 3161 225)
205 3136 296 3156 Sui-lani
306 3137 377 3156 mx:
392 3136 419 3156 ib.

225 3179 311 3204 corpus
326 3179 368 3199 iur.
384 3185 434 3199 ean.
461 3178 500 3199 Ed.
510 3177 628 3204 frtedocrq.
656 3179 682 3198 T.
693 3179 722 3198 11.

889 3083 934 3107 220)
946 3083 1047 3102 conditu.
1061 3071 1089 3102 ussb

809 3108 856 3133 224)
866 3109 894 3128 ad
904 3111 1003 3129 nostram
1013 3111 1046 3129 et:
1061 3109 1088 3128 ὦ.

584 285 692 311 SEXTI
711 283 920 311 DECRETAL.
939 283 1004 310 Lm.
1023 284 1057 310 V.
1076 285 1146 311 TIT.
1165 285 1223 311 XII.
1244 284 1293 310 DF.
1313 284 1471 311 RECULIS
1490 284 1595 310 IURIS.

909 3055 955 3081 217)
967 3058 989 3077 et
999 3055 1108 3089 dec1nr„1

1981 281 2048 308 1122

1364 363 1420 388 DE
1447 362 1632 389 REGULIS
1661 361 1788 388 IURIS.

1432 422 1632 449 Bonifacius
1650 422 1721 448 VIII.

1519 475 1604 499 Regula
1619 475 1636 494 Ι.

1175 503 1346 530 Beneficium
1360 503 1582 530 ecclesiasticum
1593 513 1650 530 non
1668 508 1764 538 potest
1777 503 1851 530 licite
1865 503 1924 529 sine
1939 502 2046 528 institu-

1108 538 1183 564 tione
1197 539 1329 564 canonica
1344 538 1473 564 obtineri.

1464 582 1535 601 Idem.
1563 582 1649 606 Regula
1664 582 1693 601 11.

1176 612 1326 638 Possessor
1339 611 1430 637 malae
1443 611 1509 637 fidei
1523 611 1579 637 ullo
1594 616 1722 646 tempore
1735 620 1791 637 non
1804 611 1978 646 praescribit.

1474 655 1542 674 Idem.
1570 655 1625 678 Reg.
1640 655 1680 674 111.

1176 684 1241 710 Sine
1254 684 1436 718 possessione
1450 684 1634 718 praescriptio
1649 693 1706 710 non
1719 685 1855 719 procedit.

1474 728 1545 747 Idem.
1572 728 1627 751 Reg.
1643 728 1681 748 lv.

1176 757 1324 783 Peccatum
1337 766 1393 783 non
1407 756 1562 789 dimittitur,
1576 757 1629 782 nisi
1642 757 1804 784 restituatur
1817 759 1950 785 ablatum.

1484 801 1554 820 Idem.
1582 801 1636 825 Reg.
1652 802 1677 821 V.

1177 830 1286 856 Peccati
1300 830 1381 856 venia
1395 838 1451 856 non
1465 829 1555 863 datur,
1568 830 1619 856 nisi
1633 836 1766 857 correcto.

1476 874 1547 893 Idem.
1575 874 1630 897 Reg.
1644 875 1683 894 VI.

1177 902 1266 928 Nemo
1280 907 1375 936 potest
1389 902 1425 928 ad
1439 903 1614 937 impossibile
1627 903 1755 937 obligari.

1470 946 1540 966 Idem.
1569 947 1623 971 Reg.
1639 947 1686 966 vn.

1177 975 1355 1008 Privilegium
1366 976 1515 1009 personale
1524 984 1676 1010 personam
1686 978 1856 1011 sequitur,et
1867 978 2051 1011 exstinguitur

1109 1016 1172 1034 cum
1185 1018 1316 1043 persona.

1468 1045 1538 1064 Idem.
1566 1046 1620 1070 Reg.
1635 1046 1695 1065 vm.

1180 1074 1273 1099 Semel
1286 1075 1374 1100 malus
1390 1083 1503 1109 semper
1515 1075 1703 1109 praesumitur
1716 1084 1779 1102 esse
1792 1077 1890 1103 malus.

1475 1119 1546 1138 Idem.
1575 1119 1628 1143 Reg.
1644 1119 1683 1138 IX.

1179 1146 1281 1172 Ratum
1295 1147 1357 1181 quis
1370 1147 1476 1174 habere
1488 1156 1545 1173 non
1563 1153 1658 1182 potest
1672 1149 1750 1183 quod
1769 1149 1856 1184 ipsius
1870 1151 1981 1177 nomine
1995 1159 2050 1177 non

1110 1184 1154 1206 est
1166 1185 1287 1214 gestum.
1486 1217 1548 1237 Idem
1585 1218 1633 1242 neg
1654 1218 1672 1237 X

1179 1244 1418 1273 Ratihabitionem
1436 1247 1594 1280 retrotrahi,
1608 1252 1636 1274 et
1653 1249 1788 1274 mandato
1806 1257 1862 1275 non
1880 1254 1922 1275 est
1936 1249 2052 1276 dubium

1111 1281 1276 1313 comparari.
1476 1317 1546 1336 Idem
1574 1318 1629 1341 Reg
1644 1318 1682 1337 XL

1180 1344 1273 1370 Ouum
1296 1345 1377 1370 511111ι
1399 1346 1519 1385 partium
1541 1347 1600 1372 iura
1622 1347 1751 1381 obscura,
1769 1356 1818 1374 reo
1836 1348 1881 1374 sav
1884 1349 1988 1375 endum
2010 1354 2053 1375 est

1111 1379 1205 1411 potius
1220 1388 1306 1413 quam
1319 1381 1416 1406 actori.

1474 1416 1543 1436 Idem.
1571 1417 1626 1441 Reg.
1641 1417 1690 1436 XII.

1181 1444 1210 1469 In
1224 1444 1333 1470 iudiciis
1346 1453 1402 1470 non
1416 1450 1459 1472 est
1472 1446 1600 1480 acceptio
1613 1454 1798 1480 personarum
1810 1447 1950 1474 habenda.

1468 1490 1539 1509 mem.
1566 1491 1696 1514 Reg.xn1.

1182 1516 1341 1550 Ignorantia
1354 1517 1429 1551 sacti,
1442 1527 1499 1544 non
1512 1519 1587 1551 iuris,
1602 1525 1724 1546 excusat.

1470 1563 1540 1582 Idem.
1568 1564 1622 1587 Reg.
1637 1564 1696 1584 XIV.

1182 1589 1274 1622 Quum
1293 1591 1354 1624 quis
1373 1591 1401 1616 in
1418 1591 1459 1617 ius
1473 1593 1598 1618 succedit
1615 1593 1741 1619 alterius:
1765 1593 1865 1620 iustam
1879 1595 2053 1629 ignorantiae

1113 1631 1229 1649 causam
1241 1630 1372 1651 censetur
1385 1626 1500 1653 habere.

1480 1671 1549 1690 Idem.
1577 1672 1631 1696 Reg.
1647 1672 1693 1692 XV.

1183 1696 1256 1723 Odia
1268 1698 1407 1732 restringi,
1421 1703 1449 1725 et
1462 1699 1573 1726 favores
1586 1701 1717 1727 convenit
1729 1702 1867 1736 ampliari.

1471 1744 1541 1763 Idem.
1569 1745 1624 1768 Reg.
1638 1745 1698 1765 XVI.

1182 1771 1274 1797 Decet
1289 1779 1454 1798 concessum
1464 1781 1482 1798 a
1491 1773 1617 1808 principe
1630 1774 1799 1802 beneficium
1809 1784 1874 1803 esse
1883 1785 2054 1803 mansurum.

1468 1817 1538 1836 Idem.
1566 1818 1621 1842 Βοὲς.
1636 1818 1706 1839 XVII.

1183 1843 1323 1870 indultum
1335 1853 1352 1871 a
1365 1845 1423 1872 iure
1436 1845 1605 1873 beneficium
1618 1856 1674 1873 non
1687 1852 1731 1874 est
1743 1849 1825 1876 alicui
1837 1850 2031 1878 auferendum.

1464 1890 1534 1909 Idem.
1562 1891 1616 1915 Reg.
1631 1892 1712 1912 XVIII.

1149 1950 1168 1977 b
1184 1917 1251 1979 Nprti
1260 1917 1385 1944 fimiatur
1397 1922 1486 1945 tractu
1499 1921 1634 1954 temporis
1648 1922 1726 1955 quod
1739 1922 1794 1949 de
1788 1932 1847 1950 iure
1859 1923 1896 1951 ab
1908 1924 1986 1950 initio
2000 1933 2055 1950 non

1116 1959 1148 1977 su
1171 1960 1207 1978 sis
1223 1961 1230 1978 1

1473 1989 1544 2009 Idem.
1572 1990 1628 2015 Reg.
1642 1991 1701 2011 XIX.

1183 2016 1247 2043 Non
1265 2021 1309 2078 estt
1326 2018 1386 2044 sine
1405 2017 1495 2053 culpa,
1509 2019 1557 2053 qui
1573 2020 1623 2054 rei,
1637 2029 1710 2054 quae
1725 2021 1762 2048 ad
1779 2031 1844 2049 eum
1857 2032 1913 2050 non
1926 2024 2056 2058 pertinet,

1116 2059 1147 2077 se
1160 2052 1286 2078 immisce

1478 2089 1549 2108 Idem.
1578 2090 1631 2114 Reg.
1647 2091 1694 2110 XX.

1185 2116 1283 2143 Nullus
1296 2117 1422 2151 pluribus
1432 2119 1471 2144 uti
1486 2118 1698 2147 defensionibus
1713 2122 1886 2155 prohibetur.

1475 2162 1546 2181 Idem.
1574 2163 1629 2188 Reg.
1645 2164 1703 2184 XXI.

1187 2189 1270 2223 Quod
1284 2190 1373 2216 semel
1386 2191 1491 2225 placuit
1503 2192 1623 2226 amplius
1637 2193 1787 2229 displicere
1800 2204 1857 2222 non
1869 2200 1972 2230 potest.

1470 2235 1540 2255 Idem.
1568 2237 1622 2261 Reg.
1638 2238 1708 2257 XXII.

1185 2263 1249 2289 Non
1262 2263 1349 2290 debet
1362 2264 1462 2298 aliquis
1476 2265 1589 2292 alterius
1603 2267 1668 2293 odio
1683 2269 1870 2302 praegravari.

1463 2309 1533 2328 Idem.
1562 2310 1616 2334 Reg.
1632 2311 1712 2331 XXIII.

1187 2336 1253 2363 Sine
1267 2337 1358 2371 culpa,
1371 2337 1423 2364 nisi
1437 2338 1528 2364 subsit
1541 2347 1634 2373 causa,
1648 2349 1705 2366 non
1718 2346 1761 2367 est
1778 2342 1878 2376 aliquis
1892 2342 2058 2376 puniendus.

1464 2382 1533 2401 Idem.
1562 2384 1615 2408 Reg.
1631 2384 1711 2405 XXIV

1188 2409 1271 2444 Quod
1282 2410 1344 2444 quis
1355 2411 1488 2437 mandato
1500 2411 1566 2438 facit
1576 2413 1685 2447 iudicis,
1693 2414 1759 2441 dolo
1770 2415 1863 2442 facere
1874 2424 1929 2441 non
1939 2415 2058 2448 videtur,

1120 2453 1206 2479 quum
1219 2445 1323 2471 habeat
1336 2454 1436 2479 parere
1448 2454 1577 2474 necesse.

1473 2490 1543 2510 Idem.
1571 2492 1626 2516 Reg.
1640 2492 1708 2513 XXV.

1187 2518 1268 2544 Mora
1281 2526 1331 2544 sua
1345 2519 1459 2546 cuilibet
1473 2525 1516 2546 est
1529 2521 1638 2547 nociva.

1468 2564 1621 2589 1dem.Reg
1635 2565 1714 2585 xva

1188 2591 1238 2625 Ea,
1250 2600 1322 2626 quae
1333 2592 1403 2618 fiunt
1413 2601 1430 2618 a
1440 2593 1540 2627 iudice,
1551 2594 1574 2620 si
1583 2594 1621 2620 ad
1634 2594 1694 2620 eius
1705 2603 1760 2621 non
1771 2596 1915 2630 spectant*2
1925 2596 2058 2630 officium,

1119 2626 1223 2652 viribus
1236 2635 1293 2653 non
1306 2627 1472 2654 subsistunt.

1463 2671 1532 2692 Idem.
1560 2672 1614 2696 neg.
1629 2673 1719 2692 XXVII.

1188 2700 1292 2726 Scienti
1306 2705 1333 2727 et
1346 2701 1532 2728 consentienti
1546 2710 1601 2727 non
1614 2702 1645 2727 fit
1658 2702 1755 2728 iniuria
1768 2710 1860 2736 neque
1873 2702 1963 2729 dolus.

1456 2745 1527 2764 Idem.
1554 2746 1609 2769 Reg.
1624 2746 1682 2765 XXV
1683 2745 1723 2765 ΠΙ.

1189 2773 1267 2807 Quae
1280 2782 1297 2799 a
1310 2774 1369 2800 iure
1382 2775 1522 2800 communi
1541 2774 1706 2807 exorbitant,
1719 2783 1898 2809 nequaquam
1911 2775 1948 2802 ad
1961 2784 2059 2803 conse-

1121 2808 1265 2841 quentiam
1278 2813 1342 2834 sunt
1356 2809 1501 2835 trahenda.

1468 2853 1536 2872 Ideni.
1564 2853 1618 2876 Reg.
1633 2853 1711 2872 xxm.

1191 2880 1273 2915 Quod
1288 2890 1385 2908 omnes
1400 2882 1488 2915 tangit
1502 2882 1588 2907 debet
1600 2882 1635 2907 ab
1650 2882 1778 2909 omnibus
1791 2883 1951 2917 approbari.

1473 2925 1542 2944 Idem.
1570 2926 1624 2949 Reg.
1641 2926 1710 2945 XXX.

1190 2954 1221 2980 In
1233 2954 1360 2981 obscuris
1373 2954 1517 2980 minimum
1530 2958 1573 2980 est
1586 2955 1772 2989 sequendum.
1942 2983 1951 2995 μ

1177 3058 1234 3084 Cap.
1248 3059 1286 3079 IV.
1329 3059 1348 3079 1)
1358 3060 1396 3078 aut
1406 3058 1485 3078 etiam:
1499 3058 1515 3078 A

1124 3085 1145 3108 4)
1156 3084 1219 3103 mhL:
1233 3090 1278 3104 non
1287 3084 1421 3104 defenduut:
1436 3085 1468 3104 ,40

1175 3111 1237 3134 Cap.
1252 3111 1278 3130 V.
1307 3110 1326 3134 1)
1337 3110 1398 3129 amn:
1412 3111 1536 3134 praesenti:
1551 3109 1568 3130 Α

1175 3137 1213 3156 De
1229 3136 1315 3160 regul.
1331 3137 1382 3156 iur.
1420 3136 1439 3161 1)
1450 3137 1506 3156 sint:
1520 3136 1572 3156 AM

1593 3059 1614 3083 2)
1625 3061 1728 3084 possunt:
1743 3059 1758 3079 A
1846 3061 1867 3085 3)
1877 3066 1934 3081 nou:
1949 3060 2018 3082 deest:
2030 3061 2063 3083 Ac

1619 3110 1748 3134 2)νο1.ΑῙ)
1800 3111 1822 3137 3)
1832 3112 1929 3138 aliquos:
1943 3113 2005 3134 (edd.
2014 3113 2062 3135 coll.

1628 3138 1649 3161 2)
1660 3140 1756 3162 spectat:
1770 3137 1807 3157 AD

1745 3171 1777 3197 71
