2243 3288
167 290 232 316 1075.

563 367 579 385 (f
587 367 604 384 A
612 366 636 384 1‘.
651 366 700 384 XII.

167 401 338 424 comprehendit
359 401 400 419 ista
419 400 537 418 ‹li-crotalis
556 400 619 423 plura
633 400 698 418 utilia
713 405 752 423 pro
767 400 906 423 expediendo
921 399 995 418 orricio
1011 400 1101 423 inquisi-

166 431 243 444 tornnz.
274 427 314 444 l¹at
330 427 389 444 enini
406 427 437 444 eis
452 428 582 448 potestatem
598 426 753 444 committendi
768 426 885 443 citationes
900 427 921 443 et
939 426 1100 444 sententiarum

165 453 355 470 «lelixxtti'issinn0<-
386 453 427 470 liat
439 454 568 474 potestatem
580 451 675 469 vot-:unii
687 451 775 474 poi-iios,
786 451 869 469 clernin
881 454 902 469 et¹
913 451 1024 474 populum,
1036 453 1060 469 nt
1070 451 1102 470 eis

164 478 275 495 assistant.
304 478 345 496 Dat
358 480 488 500 potestati-in
500 477 635 500 procedendi
647 479 725 495 contra
740 477 796 498 illos,
808 477 844 500 qui
856 477 883 495 ‹lo
893 482 932 495 sua
943 477 965 495 in
976 477 1042 495 aliam
1053 482 1101 500 pro-

165 503 260 521 vinciam
277 508 299 520 se
314 503 482 521 transtulerunt.
512 503 553 520 lm
569 505 699 526 potestatum
716 503 829 526 repon-ndi
849 503 918 521 libros
938 504 959 520 et
978 507 1100 525 processus,

165 528 315 546 commutandi
327 531 347 546 et
363 528 480 551 mitigandi
495 534 584 551 poenasv
596 528 698 551 privandi
710 530 731 547 et
746 529 843 551 privatos
858 528 980 546 nunciandi
991 528 1070 546 officiis
1080 530 1102 546 et

166 554 286 572 honoribus
298 554 428 574 haereticos.
440 555 536 573 fautores
547 556 567 572 et
578 554 707 572 defensores
718 559 802 574 eornm.
814 555 845 572 ita
855 556 937 575 tann‘n,
945 554 1002 576 qnod
1013 554 1055 571 hoe
1065 553 1102 572 liat

165 580 191 597 xlc
202 580 393 600 dioecesanorum.
404 580 446 600 vel,
459 580 481 597 in
492 585 568 598 eorum
579 580 687 599 absentia.
699 580 833 598 vicariorum
845 585 933 598 suornm
946 579 1048 603 consilio,
1059 579 1102 598 nisi

230 606 297 623 iidem
309 606 405 624 scienter
415 606 496 624 talibus
507 605 616 624 beneficia
627 605 780 624 contulissent.
808 606 835 624 II.
847 605 867 623 d.
879 606 957 623 Ioann.
968 605 1037 623 Andr.

218 646 410 672 lionisacius
435 647 505 672 VIII.
536 646 820 680 Inquisitoribus¹
852 647 1049 672 haereticae

539 685 732 719 pravitatis.

234 732 271 757 k't
286 732 427 758 commissi
441 732 520 758 vobis
535 732 618 757 officii
633 732 758 758 debitum
770 732 862 758 utilius
874 736 901 758 et
912 732 1042 758 uberius‘l
1055 739 1100 757 ex-

164 768 329 800 sequamini,
348 772 461 793 sanctae
479 767 630 793 memoriae
647 767 809 798 Innocentii,
827 766 978 792 Alexandri
997 771 1025 792 et
1039 766 1100 791 Cle-

164 801 265 826 mentis
296 801 546 835 praedecessorum
572 806 730 826 nostrorum
757 801 883 833 vestigiis
913 801 1101 831 inhaerentes,

163 835 242 859 vobis
261 840 288 860 et
307 841 430 861 restrum
448 836 564 868 singulis
583 835 773 861 committendi
793 835 939 861 citationes
953 840 981 861 et
995 834 1100 860 denun-

164 869 297 895 ciationes
319 870 529 901 sententiarum,
552 878 620 903 quas
640 870 665 894 in
690 869 831 903 quoslibet
854 869 1021 900 haereticos,
1044 877 1100 894 cre—

165 903 273 935 dentes,
288 909 488 938 receptatoreS,
502 904 665 930 defensores
680 909 706 929 et
721 903 844 929 fautores
858 912 954 929 eorum
969 903 1100 931 tuleritis;

164 937 320 963 advocandi
343 947 465 972 quoque,
484 943 567 972 prout
589 938 754 971 expedierit.
772 938 878 971 peritos
902 938 1052 971 quoslibet,
1072 941 1100 962 ut

164 972 243 997 robis
257 973 388 998 assistant
403 978 429 998 et
442 973 467 998 in
481 973 641 998 huiusmodi
655 972 778 998 ferendis
790 972 935 998 sententiis
947 972 1101 1005 praebeant

165 1007 310 1032 consilium
324 1012 522 1041 opportunum,
535 1015 566 1032 ac
581 1007 629 1038 cis,
645 1007 721 1040 quod
739 1015 823 1040 super
840 1007 882 1032 his
897 1007 994 1032 vobis³⁵
1012 1006 1100 1031 humi<

165 1040 227 1066 liter
240 1047 366 1074 pareant,
381 1041 407 1066 in
421 1041 521 1066 virtute
535 1041 714 1067 obedientiae
730 1041 904 1074 iniungendi;
927 1040 1100 1066 convocandi

165 1075 250 1100 etiam
264 1075 368 1101 clerum
386 1081 414 1101 et
432 1076 566 1109 populum
584 1075 735 1107 civitatum,
754 1080 908 1100 castrorum
926 1075 1100 1108 aliorumque

164 1109 298 1139 locorum,
320 1116 403 1143 prout
425 1110 500 1135 dicto
523 1110 637 1142 negotio
663 1109 727 1135 fidei
753 1109 878 1135 videritis
904 1109 1048 1143 expedire,
1073 1113 1101 1134 et

165 1149 261 1168 contra
279 1144 349 1175 illos,
363 1152 434 1177 quos
454 1144 480 1169 in
503 1144 670 1178 provincia¹,
688 1144 715 1169 in
739 1152 794 1177 qua
815 1144 894 1169 vobis
913 1143 1101 1177 inquisitionis

165 1177 287 1203 osticium
301 1183 343 1204 est
357 1178 547 1210 commissum,
560 1178 720 1204 haeresist
738 1178 841 1204 crimen
856 1177 1013 1203 constiterit
1027 1186 1101 1203 com-

165 1211 284 1243 misisse,
296 1213 369 1245 (licet
379 1213 415 1238 ad
429 1213 496 1238 alias
511 1217 604 1246 partes
616 1221 645 1238 se
657 1212 865 1238 transferendos
880 1212 1026 1243 duxerint,)
1038 1220 1100 1245 pro-

164 1246 296 1276 cedendi3
322 1255 373 1272 nec
398 1255 452 1272 non
478 1247 597 1272 faciendi
623 1256 638 1272 a
664 1247 835 1280 quibuslibet
859 1246 996 1280 assignari
1021 1246 1101 1271 vobis

165 1280 259 1312 libros,
273 1289 322 1307 seu
337 1286 488 1314 quaternos
502 1287 529 1307 et
547 1281 601 1306 alia
619 1282 730 1314 scripta,
744 1281 771 1306 in
789 1281 890 1314 quibus
906 1281 1101 1314 inquisitiones

165 1314 265 1346 sactae,
279 1324 311 1340 ac
329 1324 478 1349 processus
497 1324 547 1349 per
565 1324 747 1349 quoscunque
762 1315 927 1341 auctoritate
945 1315 1020 1340 sedis
1034 1323 1100 1348 apo—

164 1349 279 1375 stolicae
302 1350 345 1375 vel
367 1350 524 1382 legatorum
546 1349 605 1375 eius
627 1350 714 1375 habiti
737 1355 833 1375 contra
854 1349 1010 1375 haereticos
1036 1357 1101 1374 con-

164 1383 298 1411 tinentur:
321 1389 348 1409 et
362 1384 480 1415 illorum,
495 1384 552 1417 qui,
565 1384 664 1409 vestris
678 1384 818 1409 mandatis
832 1384 1000 1410 obedientes
1013 1383 1100 1408 humi-

163 1417 235 1449 liter,
254 1418 345 1443 stant&
367 1424 481 1452 propter
500 1418 639 1443 haeresim
657 1418 684 1443 in
702 1427 814 1444 carcere
831 1419 876 1444 vel
894 1427 973 1444 muro
991 1418 1101 1449 reclusi,

164 1460 284 1485 poenam
307 1461 361 1478 una
379 1461 441 1478 cum
463 1452 604 1486 praelum,
627 1461 746 1486 quorum
768 1453 949 1478 iurisdictioni
973 1453 1101 1483 subsunt,

165 1486 312 1519 mitigandi
330 1487 374 1512 vel
395 1487 532 1518 mutandi,
552 1495 638 1520 quum
655 1487 782 1513 videritis
805 1487 951 1521 expedire3
973 1487 1100 1520 privandi

165 1526 311 1553 praeterea
324 1521 369 1546 vel
382 1521 521 1554 privatos?
536 1521 684 1546 nunciandi
699 1521 882 1554 dignitatibus
896 1530 928 1547 ac
941 1522 1001 1547 aliis
1015 1521 1100 1547 bene-

167 1554 235 1580 ficiis
258 1555 454 1581 ecclesiasticis
478 1556 513 1581 de
535 1555 776 1588 dioecesanorum,
794 1556 848 1587 vel,
865 1556 905 1581 eis
927 1555 1102 1587 absentibus,

166 1589 331 1615 vicariorum
346 1598 459 1615 suorum
473 1590 598 1621 consilio,
616 1594 644 1615 et
657 1590 756 1616 officiis
770 1590 888 1624 publicis
902 1598 934 1615 ac
947 1590 1101 1616 honoribus

166 1623 380 1657 quibuscunque
402 1624 519 1650 eosdem
542 1624 708 1656 haereticos,
731 1624 888 1656 credentes,
910 1628 1102 1658 receptatores

165 1663 193 1682 et
204 1657 369 1683 defensores
381 1658 529 1692 ipsorunffi,
543 1667 697 1692 eorumque
711 1658 781 1684 filios
793 1664 820 1684 et
831 1659 977 1692 nepotesss,
991 1659 1103 1692 plenam

167 1692 346 1718 concedimus
361 1692 531 1718 facultatem.
563 1693 631 1718 Sunt
645 1698 738 1718 autem
753 1693 913 1719 dioecesani
927 1694 953 1718 in
967 1693 1102 1726 privando

166 1726 236 1752 tales
261 1727 305 1752 vel
330 1727 488 1752 nunciando
518 1727 642 1761 privatos
672 1727 815 1753 beneficiis
841 1729 914 1753 etlU*
943 1727 1103 1753 huiusmodi

166 1760 336 1794 requirendi,
350 1761 400 1787 nisi
416 1761 487 1787 sorte
498 1766 640 1787 constaret
652 1762 787 1795 legitime,
801 1762 877 1795 quod
888 1762 973 1787 iidem
985 1761 1105 1788 scienter

165 1795 325 1821 huiusmodi
351 1797 478 1829 personis
503 1796 604 1821 eadem
628 1795 766 1822 beneficia
791 1796 983 1822 contulissent.
1025 1797 1104 1822 Tunc

167 1829 240 1854 enim
255 1838 303 1855 eos
318 1830 345 1854 in
364 1831 405 1855 liis
421 1830 605 1864 requirendos
619 1839 674 1856 non
688 1839 751 1856 esse
764 1839 922 1863 censemus,
941 1831 992 1856 sed
1011 1830 1105 1864 potius

166 1872 182 1889 a
195 1872 246 1889 suo
260 1864 351 1890 iudice
365 1864 532 1898 puniendos.

560 1917 576 1935 C
583 1917 601 1935 A
607 1917 632 1935 P.
647 1916 708 1935 XIII.

165 1950 294 1975 Christiani,
309 1950 338 1970 ad
352 1950 488 1970 Iudaismum
505 1953 645 1970 transeuntes
660 1953 682 1970 et
701 1951 827 1976 redeuntes,
842 1951 950 1970 haeretici
969 1952 1106 1975 reputantur.

504 1978 531 1995 11.
542 1977 562 1995 d.
573 1977 695 1995 seeundum
706 1978 771 1996 Zeuz.

588 2019 687 2044 Idem.

236 2061 339 2087 Contra
351 2060 533 2093 Christianos,
545 2062 591 2095 qui
603 2061 638 2087 ad
653 2062 735 2086 ritum
750 2062 908 2088 transierint
919 2063 963 2088 vel
974 2062 1107 2088 redierint

166 2095 341 2128 ludaeorum,
367 2096 475 2121 etiamsi
502 2095 660 2121 huiusmodi
684 2096 843 2128 redeuntes,
870 2097 937 2122 dum
962 2101 1040 2122 erant
1067 2096 1106 2121 in-

168 2131 268 2162 fantes,
286 2136 333 2155 aut
351 2131 447 2155 mortis
465 2135 552 2162 metu,
571 2139 625 2156 non
645 2135 737 2156 tamen
755 2131 884 2157 absolute
897 2132 960 2157 autl
980 2130 1106 2165 praecise

167 2165 265 2196 coacti,
279 2165 409 2198 baptizati
421 2164 557 2197 fuerunt2,
572 2165 640 2190 erit-'²
654 2170 787 2198 tanquam
798 2170 894 2191 contra
904 2165 1072 2197 haereticos,
1084 2165 1107 2190 si

168 2199 269 2225 suerint
291 2199 326 2224 de
348 2199 401 2224 hoc
423 2199 553 2231 confessi,
576 2204 622 2224 aut
646 2207 695 2232 per
718 2200 890 2225 Christianos
913 2208 962 2225 seu
985 2199 1105 2225 Iudaeos

169 2234 297 2265 convicti,
311 2238 347 2264 et,
362 2233 431 2258 sicut
442 2238 538 2259 contra
552 2233 684 2265 fautores,
698 2239 890 2268 receptatores
901 2239 928 2260 et
940 2234 1107 2260 defensores

168 2268 387 2299 haereticorum,
417 2268 473 2293 sic-1
502 2273 598 2293 contra
623 2267 762 2301 fautores,
790 2273 982 2302 receptatores
1007 2273 1035 2294 et
1060 2267 1107 2293 de-

170 2302 297 2337 fensores
312 2302 408 2327 talium
422 2302 481 2328 est5
494 2302 714 2336 procedendum.

566 2364 607 2382 CA
614 2364 638 2382 Ρ.
654 2363 712 2383 XIV.

170 2398 219 2417 Non
229 2397 379 2416 confiscantur
393 2397 456 2417 dotes
471 2402 564 2416 uxorum
580 2397 734 2416 innocentium
745 2400 835 2422 propter
846 2398 955 2417 haeresim
970 2398 1108 2417 maritorum.

507 2424 534 2442 11.
545 2423 566 2441 ‹l-
577 2424 698 2442 seeundum
709 2423 774 2442 Zenz.

593 2465 691 2491 Idem.

240 2508 371 2535 Decrevit
401 2507 489 2534 felicis
518 2507 720 2534 recordationis
750 2508 925 2534 Innocentius
951 2509 1027 2542 Papa
1052 2509 1108 2540 lv„

173 2543 249 2577 quod
278 2548 392 2577 propter
417 2543 556 2568 haeresim
581 2542 743 2567 maritorum
769 2551 884 2568 uxorum
910 2543 1109 2568 catholicarum

171 2579 252 2603 dotes
277 2586 332 2603 non
358 2577 480 2603 debeant
505 2576 658 2602 confiscari.
703 2577 786 2610 Quod
812 2577 1024 2610 intelligendum
1050 2577 1109 2602 fore

171 2620 329 2643 censemus,
352 2612 404 2637 nisi
427 2611 498 2637 sorte
521 2611 650 2637 mulieres
673 2610 750 2644 ipsae
769 2619 831 2636 cum
850 2612 914 2637 viris
932 2612 1109 2637 matrimonia

173 2647 386 2679 contraxissent,
401 2655 471 2680 quos
484 2645 642 2672 haereticos
656 2649 720 2670 tunc
734 2645 868 2670 sciebant.

576 2706 592 2725 C
599 2706 617 2725 A
624 2706 648 2724 P.
664 2706 710 2725 XV.

172 2742 223 2760 Filii
238 2742 401 2760 haereticorum
416 2746 484 2765 usqne
499 2740 527 2759 ant
541 2740 662 2760 secundam
678 2741 760 2759 lineam
776 2742 898 2764 paternam,
911 2740 936 2759 :tvl
953 2741 1046 2764 primam
1057 2746 1110 2759 vero

173 2770 303 2791 maternam,
319 2770 369 2786 flunt
388 2767 497 2786 inhabiles
516 2767 543 2785 ad
564 2766 697 2785 beneficium
711 2766 887 2785 ecclesiasticum
903 2767 937 2784 wi
953 2767 1050 2785 officium
1065 2772 1111 2785 riae-

173 2794 254 2817 rulare,
271 2794 288 2811 si
308 2797 381 2817 patres
397 2796 448 2812 ante
463 2795 556 2812 mortem
572 2792 680 2811 eeclesiae
696 2792 859 2815 reincorporati
874 2798 918 2810 non
935 2793 1024 2811 suerint.
1053 2793 1079 2810 II.
1091 2793 1111 2810 d.

544 2818 666 2837 secundum
677 2819 742 2837 Dom-

593 2859 693 2886 Idem.

245 2904 384 2929 Statutum
403 2902 490 2929 felicis
509 2901 710 2928 recordationis
728 2902 896 2928 Innocentii¹
915 2905 943 2928 et
959 2901 1111 2927 Alexandri

227 2990 279 3008 Tit.
294 2989 322 3008 II.
359 2990 420 3013 Cap.
434 2989 483 3008 XII.
533 2989 553 3013 1)
563 2989 610 3013 Inq.
625 3002 631 3008 .
642 3003 647 3008 .
659 3003 663 3008 .
677 2994 751 3013 pratu:
765 2988 831 3008 deest:
846 2988 862 3007 A
936 2988 957 3011 2)
968 2987 1070 3006 ulterius:
1084 2988 1111 3006 ὦ.

177 3016 196 3033 3,
207 3016 269 3033 soih:
288 3014 356 3034 thesi:
374 3014 451 3036 CDEF:
470 3021 516 3039 sup.
528 3029 533 3033 .
545 3029 549 3033 .
561 3029 566 3033 .
576 3016 639 3034 vob.:
659 3015 726 3035 deest:
741 3015 758 3033 ΙΙ
838 3015 859 3037 4)
875 3013 936 3032 adm:
955 3014 1081 3037 praedicta:
1096 3013 1113 3032 Δ

178 3042 196 3058 51
207 3041 334 3059 haereseos:
349 3040 443 3062 AUDEF:
457 3040 519 3059 adds
533 3041 567 3060 iu:
581 3041 614 3059 ,vic
659 3042 679 3063 6)
689 3041 776 3060 statim:
790 3039 807 3058 Α
859 3040 879 3063 Ἰ)
890 3038 952 3058 rulth:
966 3039 1049 3062 potius:
1063 3038 1113 3057 ACI}

176 3071 196 3088 κ)
208 3072 282 3084 eorum
294 3067 446 3090 ipsorumque:
461 3066 477 3084 A
521 3068 542 3089 Β)
553 3067 590 3085 hoc
599 3066 641 3085 loru
651 3066 775 3091 rrprtwitur
785 3067 805 3084 ιἰι
818 3065 833 3084 Λ
843 3065 903 3084 cerba
916 3070 983 3089 supra
994 3064 1113 3083 mmmm.-

178 3092 331 3114 personatibus
342 3106 347 3110 .
358 3105 363 3110 .
375 3105 379 3110 .
390 3092 567 3115 quibuscunque.
622 3092 653 3113 111)
664 3094 697 3112 et:
712 3092 780 3111 deest:
793 3090 881 3110 AGDEF

229 3118 289 3140 Cap.
304 3117 363 3135 xm.
391 3118 411 3140 1)
421 3117 472 3136 sed:
487 3117 563 3139 amm,-
577 3123 627 3137 seu:
643 3117 660 3136 E
718 3120 739 3141 te)
750 3118 844 3137 suerint:
859 3116 920 3140 MK,-
934 3115 996 3136 adds
1010 3118 1049 3136 aut
1059 3115 1110 3135 ilum

568 288 674 314 SEXTI
694 287 901 314 DECRETAL.
922 287 986 313 Ltss.
1006 287 1039 314 V.
1059 287 1128 314 TIT.
1148 289 1177 314 ll.
1198 287 1248 313 DF.
1267 285 1496 313 H.»x1·‘.RF.T1CIS.
1516 293 1539 311 c,
1562 287 1668 312 12—18.

2002 283 2068 311 1076

1135 365 1383 399 praedecessorum
1394 367 1561 395 nostrorum,
1571 371 1606 389 ne
1616 362 1746 388 videlicet
1756 361 1899 394 haeretici,
1911 362 2068 393 credentes,

1136 405 1336 433 receptatores,
1350 399 1514 424 defensores
1525 402 1553 423 et
1567 397 1691 423 fautores
1706 405 1811 428 eorum,
1826 397 2007 430 ipsorumque
2021 396 2068 422 filii

1135 442 1224 467 usque
1242 434 1277 459 ad
1296 433 1447 459 secundam
1469 432 1689 464 generationem,
1709 431 1745 456 ad
1766 431 1879 464 aliquod
1902 430 2068 457 beneficium

1136 468 1355 494 ecclesiasticum
1370 476 1418 492 seu
1438 466 1579 500 publicum
1598 465 1719 491 officium
1733 465 1924 497 admittantur,
1943 465 2028 498 quod,
2046 465 2068 490 si

1136 510 1216 527 secus
1229 507 1320 527 actum
1335 501 1426 533 fuerit,
1440 501 1473 526 sit
1487 501 1593 525 irritum
1603 504 1631 525 et
1645 499 1735 531 inane,
1748 499 1866 533 primum
1877 504 1905 525 et
1916 499 2069 525 secundum

1136 537 1253 569 gradum
1271 544 1321 570 per
1339 540 1484 569 paternam
1505 534 1606 559 lineam
1625 534 1863 567 comprehendere
1881 534 2069 564 declaramus;

1136 579 1186 603 per
1205 575 1359 596 maternam
1377 578 1442 595 vero
1461 569 1496 594 ad
1539 568 1637 593 rimum
1656 567 1789 593 duntaxat
1806 568 1932 593 volumus
1954 569 2007 593 hoc
2024 576 2070 593 ex-

1136 605 1222 630 tendi.
1270 605 1330 630 Hoc
1359 612 1426 629 sane
1452 603 1486 628 <le
1535 602 1577 627 liis
1603 606 1631 627 et
1659 602 1809 636 nepotibus
1839 602 2069 634 haereticorum2',

1136 639 1307 664 credentium
1326 643 1353 664 et
1371 639 1487 663 aliorum
1505 636 1680 668 huiusmodi,
1703 636 1749 669 qui
1769 636 1839 661 tales
1858 644 1921 662 esse
1938 637 1983 662 vel
2000 637 2070 662 tales

1137 673 1239 698 etiam-”¹
1261 673 1418 698 decessisse
1439 672 1606 706 probantur,
1632 670 1844 703 intelligendum
1867 678 1930 696 esse
1951 671 2070 701 videtur,

1136 715 1191 732 non
1215 711 1309 733 autem
1335 707 1457 738 illorum,
1487 714 1557 739 quos
1583 704 1749 731 emendatos
1775 713 1838 730 esse
1863 705 2019 731 constiterit
2044 709 2072 731 et

1136 740 1358 775 reincorporatos
1373 739 1635 771 ecclesiae'unitati,
1653 743 1681 764 et
1699 747 1749 772 pro
1764 739 1845 772 culpa
1862 739 2021 765 huiusmodi
2035 739 2072 765 ad

1136 775 1299 801 mandatum
1313 775 1449 801 ecclesiae
1468 774 1668 808 poenitentiam
1686 773 1836 806 recepisse,
1855 781 1939 806 quain
1957 774 2009 807 ipsi
2027 773 2072 799 vel

1136 809 1190 834 iam
1213 809 1399 843 perfecerunt,
1422 809 1465 835 vel
1487 808 1628 834 humiliter
1646 807 1835 841 prosecutioni
1854 807 1913 833 eius
1933 807 2073 840 insistunt,

1136 844 1179 869 vel
1193 844 1281 877 parati
1295 843 1396 869 suerint
1410 843 1445 869 ad
1459 842 1648 877 recipiendam
1662 841 1791 868 eandem.

1533 912 1550 931 C
1556 912 1575 931 A
1582 912 1606 930 Ρ.
1621 912 1678 931 XVI.

1138 947 1258 970 inquisitor
1272 947 1345 970 Papae
1359 952 1425 970 super
1439 947 1526 965 liam-esi
1542 947 1590 965 sine
1604 945 1696 969 speciali
1712 945 1816 964 mandatu
1831 950 1876 964 uon
1892 945 1985 970 inquirit
1994 948 2074 966 contra

1136 973 1275 996 episcopum,
1294 972 1344 996 sed,
1364 974 1383 991 si
1406 978 1455 992 enin
1478 973 1612 996 culpabilem
1631 972 1734 1015 seilverity
1754 971 1871 990 nunciabit
1893 971 1974 996 Papae.
2006 973 2034 991 Η.
2052 973 2073 991 (l.

1530 998 1606 1017 Iuann.
1617 998 1659 1016 Aut
1670 1003 1688 1016 ra-

1557 1047 1656 1074 Idem.

1206 1091 1389 1124 Inquisitores
1411 1091 1570 1116 haereticae
1592 1090 1746 1124 pravitatis,
1770 1090 1805 1116 ab
1827 1090 1983 1124 apostolica
2005 1091 2073 1117 sede

1137 1133 1185 1151 seu
1199 1125 1254 1150 alio
1269 1125 1312 1151 vel
1325 1125 1386 1150 aliis
1402 1125 1573 1158 quibuslibet
1586 1125 1721 1159 deputati,
1736 1125 1771 1150 de
1784 1125 1944 1151 huiusmodi
1958 1125 2073 1151 crimine

1137 1159 1276 1193 inquirere
1298 1163 1394 1184 contra
1416 1159 1564 1193 episcopos
1589 1164 1746 1192 nequeunt,
1771 1164 1819 1184 aut
1840 1159 1901 1185 eius
1926 1164 2073 1193 praetextu

1138 1194 1292 1228 procedere
1304 1198 1401 1219 contra
1411 1193 1528 1226 eos,nisi
1540 1194 1567 1218 in
1578 1194 1663 1219 literis
1674 1193 1880 1219 commissionis
1891 1194 2074 1228 apostolicae,

1138 1228 1214 1262 quod
1235 1228 1289 1253 hoc
1312 1227 1435 1261 possint,
1458 1228 1633 1253 contineatur
1650 1236 1792 1261 expresse.
1829 1228 1856 1254 Si
1875 1232 1970 1254 tamen
1987 1228 2076 1262 inqui-

1136 1264 1236 1288 sitores
1251 1262 1302 1296 ipsi
1317 1262 1467 1296 episcopos
1480 1262 1525 1287 vel
1538 1262 1607 1288 alios
1621 1262 1779 1296 superiores
1794 1263 1933 1296 praelatos
1945 1263 2075 1289 sciverint

1137 1298 1181 1323 vel
1201 1296 1356 1322 invenerint
1374 1296 1446 1322 circa
1464 1296 1567 1322 crimen
1584 1297 1736 1322 haereseos
1754 1297 1938 1329 commisisse,
1960 1302 2008 1322 aut
2026 1305 2075 1323 eos

1137 1332 1172 1357 de
1194 1332 1247 1357 hoc
1269 1330 1427 1356 diffamatos
1449 1331 1583 1357 exsistere
1605 1331 1650 1357 vel
1672 1335 1832 1365 suspectos:
1858 1331 1886 1356 id
1908 1332 2077 1358 tenebuntur

1137 1366 1198 1392 sedi
1212 1365 1385 1399 apostolicae
1398 1365 1538 1391 nunciare.

1528 1434 1545 1454 C
1552 1435 1569 1454 A
1576 1435 1600 1453 Ρ.
1616 1434 1686 1454 XVII.

1136 1471 1185 1488 Non
1201 1470 1319 1493 derogatur
1335 1469 1454 1488 ordinariis
1469 1475 1535 1493 super
1549 1475 1654 1492 processu
1668 1468 1839 1492 haeretieorum,
1850 1469 1902 1488 lieet
1911 1469 1973 1494 Papa
1985 1475 2077 1494 genera-

1136 1496 1187 1514 lit-:1-
1197 1496 1262 1515 alteri
1273 1496 1367 1517 deleget.
1395 1496 1424 1514 Et
1437 1501 1503 1519 super
1518 1496 1596 1514 eudem
1612 1495 1670 1514 sacto
1685 1495 1801 1518 episeopus
1816 1497 1838 1513 et
1852 1494 1971 1519 inquisitor
1984 1498 2077 1520 possunt

1137 1522 1257 1545 procedere
1276 1521 1425 1540 communiter
1443 1521 1478 1540 vel
1498 1521 1594 1543 divisim,
1613 1521 1648 1539 vel
1668 1521 1768 1544 proferre
1786 1521 1932 1545 sentontiam3
1955 1521 1978 1540 in
1997 1527 2040 1545 qua
2057 1523 2076 1541 si

1137 1548 1273 1571 discordant,
1289 1547 1372 1566 debent
1382 1548 1455 1571 Papae
1470 1547 1560 1566 referre.
1588 1547 1617 1565 Et
1631 1546 1737 1570 episcopi,
1748 1546 1932 1570 qualitercunque
1947 1548 2076 1571 procedant,

1210 1573 1292 1592 debent
1302 1578 1392 1592 servare
1402 1573 1492 1592 moduni
1504 1573 1674 1596 inquisitoribus
1684 1572 1820 1595 impositum.
1848 1573 1875 1591 H.
1887 1573 1908 1592 d.
1918 1573 2009 1592 Domin.

1561 1618 1660 1644 Idem.

1207 1663 1259 1688 Per
1275 1663 1338 1694 hoc,
1357 1662 1434 1695 quod
1447 1661 1591 1695 negotium
1608 1660 1767 1687 haereticae
1782 1661 1925 1694 pravitatis
1939 1661 2019 1688 alicui
2032 1661 2078 1688 vel

1139 1697 1279 1730 aliquibus
1292 1697 1327 1722 ab
1341 1696 1497 1730 apostolica
1510 1696 1578 1721 sede
1596 1695 1765 1729 generaliter
1778 1695 1805 1720 in
1818 1695 1912 1729 aliqua
1924 1696 2076 1730 provincia,

1140 1732 1251 1757 civitate
1268 1732 1313 1756 vel
1331 1730 1454 1756 dioecesi
1474 1730 1628 1763 delegatur,
1647 1730 1822 1755 dioecesanis
1840 1731 1991 1764 episcopis,
2010 1731 2078 1764 quin

1141 1771 1168 1791 et
1179 1765 1232 1799 ipsi
1243 1765 1408 1790 auctoritate
1419 1764 1557 1790 ordinaria
1569 1764 1613 1790 vel
1623 1764 1763 1797 delegata,
1777 1764 1799 1789 si
1810 1765 1924 1797 habent,
1937 1766 1964 1790 in
1975 1766 2077 1791 eodem

1140 1799 1296 1833 procedere
1318 1799 1439 1831 valeant,
1460 1799 1589 1824 nolumus
1611 1798 1749 1831 derogari.
1786 1799 1899 1830 Verum,
1922 1803 1952 1825 ut
1973 1799 2079 1825 dictum

1141 1834 1327 1867 inquisitionis
1352 1834 1499 1866 negotium
1524 1833 1679 1865 efficacius,
1708 1832 1808 1858 melius
1838 1833 1991 1867 utiliusque
2015 1842 2079 1868 pro-

1141 1868 1233 1900 cedat,
1250 1867 1442 1899 concedimus,
1460 1867 1536 1900 quod
1554 1875 1604 1900 per
1621 1867 1770 1900 episcopos
1790 1867 1866 1900 ipsos
1881 1872 1909 1893 et
1926 1876 1977 1901 per
1988 1867 2078 1902 inqui-

1142 1903 1241 1928 sitores
1261 1902 1296 1928 de
1314 1902 1388 1927 facto
1407 1901 1509 1927 eodem
1527 1901 1627 1935 inquiri
1645 1901 1738 1927 valeat
1755 1902 1941 1927 communiter
1952 1903 1997 1928 vel
2011 1902 2079 1928 divi-

1142 1937 1202 1962 sim.
1243 1937 1279 1961 Et
1303 1936 1325 1961 si
1351 1935 1462 1961 divisim
1486 1935 1686 1969 processerint,
1712 1940 1859 1961 teneantur
1883 1935 1936 1961 sibi
1961 1936 2080 1963 invicem

1142 1970 1346 1996 communicare
1363 1978 1523 2004 processus,
1545 1974 1575 1995 ut
1597 1978 1647 2003 per
1668 1970 1721 1994 hoc
1743 1970 1833 2003 possit
1854 1970 1953 1996 melius
1975 1971 2078 1997 veritas

1142 2005 1266 2030 inveniri.
1303 2005 1338 2030 Et
1356 2005 1408 2030 nisi
1426 2005 1479 2029 hoc
1496 2012 1563 2030 casu
1585 2003 1766 2037 inquisitores
1788 2004 1816 2029 in
1837 2005 1995 2031 sententiae
2016 2014 2080 2039 pro-

1142 2039 1245 2065 latione
1268 2039 1443 2064 dioecesanis
1466 2039 1511 2064 vel
1532 2043 1647 2064 econtra
1668 2038 1795 2063 duxerint
1813 2038 2007 2072 deserendum,
2030 2048 2082 2073 per

1142 2079 1276 2107 utrosque
1290 2073 1371 2099 simul
1386 2073 1524 2099 sententia
1542 2072 1708 2106 proferatur.
1746 2073 1776 2098 In
1790 2081 1846 2106 qua
1858 2073 1975 2099 ferenda
1987 2074 2010 2099 si
2024 2082 2081 2100 non

1143 2108 1333 2139 convenerint,
1352 2116 1401 2141 per
1419 2112 1553 2140 utrosque
1571 2107 1714 2140 negotium
1733 2106 1904 2133 sufficienter
1917 2108 2081 2134 instructum

1142 2143 1178 2168 ad
1203 2142 1301 2168 sedern
1325 2142 1509 2176 apostolicam
1534 2141 1699 2167 remittatur.
1740 2141 1804 2167 Sive
1825 2146 1920 2167 autem
1942 2142 2082 2168 ordinaria

1143 2177 1201 2202 sive
1220 2177 1352 2209 delegata
1370 2176 1495 2210 episcopi
1517 2180 1659 2209 potestate
1680 2175 1847 2209 procedant:
1870 2176 1947 2202 illum
1968 2177 1996 2202 in
2017 2185 2081 2211 pro-

1143 2211 1271 2237 cedendo
1294 2210 1410 2236 modum
1428 2210 1588 2242 observent,
1611 2218 1695 2243 quern
1717 2210 1896 2243 inquisitores
1918 2216 2036 2244 possunt
2054 2216 2083 2237 et

1143 2245 1248 2271 debent
1266 2253 1316 2278 per
1333 2245 1392 2270 iura
1409 2245 1575 2277 communia,
1596 2244 1641 2269 vel
1658 2252 1710 2277 per
1727 2244 1865 2278 speciales
1883 2246 2079 2272 concessiones

1143 2288 1193 2306 seu
1208 2279 1398 2305 ordinationes
1414 2279 1490 2305 sedis
1504 2278 1678 2312 apostolicae
1691 2278 1852 2305 observare.

1529 2348 1545 2368 C
1552 2348 1571 2367 A
1577 2349 1601 2367 P.
1616 2348 1698 2368 XVIII.

1143 2383 1260 2408 I-inseopis
1279 2384 1301 2402 et
1319 2383 1489 2407 inquisitoribus
1508 2383 1607 2401 haeresis
1626 2388 1671 2401 non
1690 2383 1802 2407 resistant,
1821 2382 1860 2402 sed
1879 2383 1971 2402 omnino
1989 2384 2083 2407 pareant

1144 2410 1229 2428 domini
1240 2409 1381 2433 temporales,
1394 2409 1452 2427 etde
1467 2415 1493 2427 eo
1508 2409 1603 2427 crimine
1618 2414 1662 2427 non
1678 2410 1825 2432 cognoscant;
1844 2409 1907 2433 alias,
1922 2411 1988 2433 prout
2001 2409 2084 2429 dicitur

1375 2435 1418 2459 hie,
1429 2435 1558 2458 puniuntur.
1587 2435 1614 2453 ΙΙ.
1627 2434 1647 2453 d.
1658 2434 1780 2454 seeundum
1791 2435 1858 2454 Zenz.

1565 2481 1665 2507 Idem.

1214 2524 1252 2550 Ut
1265 2523 1451 2558 inquisitionis
1465 2523 1609 2557 negotium
1623 2528 1719 2549 contra
1732 2523 1903 2550 haereticam
1915 2524 2081 2558 pravitatem

1145 2559 1180 2585 ad
1194 2559 1247 2585 Dei
1261 2559 1379 2591 gloriam
1392 2563 1420 2584 et
1433 2563 1614 2591 augmentum
1632 2558 1696 2584 fidei
1715 2558 1818 2584 nostris
1833 2559 2004 2592 temporibus
2018 2567 2081 2592 pro-

1145 2598 1281 2627 speretur,
1299 2593 1377 2626 leges
1396 2593 1543 2626 quasdam,
1561 2600 1612 2626 per
1624 2592 1790 2618 Federicum
1808 2593 1874 2618 olim
1891 2593 2081 2618 Romanorum

1145 2628 1358 2661 imperatorem,
1387 2631 1452 2652 tunc
1481 2627 1508 2652 in
1534 2626 1685 2652 devotione
1710 2627 1854 2652 Romanae
1883 2627 2081 2661 persistentem

1146 2662 1295 2694 ecclesiae,
1313 2661 1518 2695 promulgatas,
1541 2665 1678 2694 quatenus
1697 2661 1751 2686 Dei
1769 2665 1797 2686 et
1815 2661 1951 2687 ecclesiae
1968 2665 2081 2686 sanctae

1146 2704 1213 2722 suae
1237 2697 1374 2721 honorem
1399 2700 1578 2729 promovent,
1607 2699 1634 2721 et
1659 2695 1864 2721 haereticorum
1888 2695 2080 2721 exterminium

1146 2735 1363 2764 prosequuntur,
1385 2735 1413 2755 et
1436 2729 1546 2755 statutis
1569 2729 1710 2755 canonicis
1732 2737 1788 2754 non
1809 2730 1956 2761 obsistunt,
1980 2737 2082 2762 appro-

1146 2766 1247 2790 bantes
1265 2769 1293 2790 et
1311 2764 1453 2790 observari
1471 2764 1608 2796 volentes,
1626 2764 1787 2789 universosl
1806 2763 1908 2790 saeculi
1926 2767 2080 2796 potestates

1146 2804 1175 2825 et
1193 2799 1322 2824 dominos
1340 2798 1525 2832 temporales,
1543 2806 1574 2823 ac
1593 2798 1806 2831 provinciarum,
1824 2802 1968 2829 terrarum,
1986 2797 2081 2823 civita-

1147 2838 1206 2858 tum
1217 2833 1391 2866 aliorumque
1403 2833 1526 2858 locorum
1537 2837 1669 2864 rectores,
1677 2832 1889 2865 quibuscunque
1899 2831 2081 2864 dignitatibus

1146 2868 1189 2893 vel
1207 2867 1307 2892 officiis
1325 2872 1372 2892 aut
1389 2866 1548 2892 nominibus
1566 2871 1741 2898 censeantur,
1759 2865 1923 2899 requirimus
1942 2869 1970 2890 et
1986 2873 2081 2892 mone-

1146 2910 1217 2934 mus,
1240 2906 1278 2934 ut,
1301 2901 1372 2927 sicut
1394 2901 1516 2934 reputari
1537 2901 1651 2934 cupiunt
1672 2905 1700 2926 et
1720 2899 1816 2925 haberi
1838 2898 1946 2931 fideles,
1971 2899 2010 2925 ita
2030 2908 2080 2934 pro

1148 2990 1212 3007 erant
1227 2988 1323 3006 infantes
1338 2987 1442 3011 baptizati
1457 2987 1556 3006 fuerunt:
1571 2985 1587 3006 Α
1665 2985 1685 3010 3)
1696 2986 1740 3004 est:
1754 2983 1787 3003 AC
1862 2983 1883 3008 4)
1893 2985 1937 3004 sie:
1952 2984 2020 3005 deest:
2034 2985 2084 3006 ACF

1148 3014 1168 3037 5)
1179 3016 1223 3032 est:
1237 3013 1303 3033 deest:
1318 3012 1386 3033 cum*

1199 3052 1261 3075 (rap.
1276 3052 1323 3071 XV.
1352 3051 1372 3074 1)
1382 3050 1409 3075 cs.
1420 3057 1437 3070 c.
1449 3053 1480 3070 ιο.
1490 3051 1517 3069 X.
1528 3050 1551 3069 (Ic
1561 3049 1637 3069 haeret.
1648 3049 1676 3074 (5,
1687 3047 1715 3073 7.)
1729 3048 1749 3067 et
1757 3053 1823 3073 supra
1833 3047 1876 3068 eod.
1887 3054 1905 3068 c.
1916 3051 1934 3068 2.

1148 3078 1269 3097 dictorum:
1284 3077 1299 3096 A
1352 3078 1372 3101 ³)
1383 3079 1416 3096 et:
1431 3076 1446 3095 ,νὶ

1199 3117 1260 3140 Cap.
1274 3115 1355 3137 xvm.
1382 3114 1403 3139 1)
1413 3115 1541 3134 universas:
1557 3113 1574 3132 A

1988 3051 2008 3074 ze)
2019 3050 2068 3070 add.
2075 3056 2083 3071 :
