2243 3288
117 202 183 230 1261

118 282 268 316 unicuique
286 282 394 308 illarum
411 282 525 316 suisque
544 283 721 317 pontificibus
741 283 886 316 (dignitate
901 289 934 307 ac
956 289 1051 313 onere,

119 322 147 343 et
171 316 384 342 circumstantiis
409 317 469 342 aliis
493 322 600 344 attente
625 318 768 352 pensatis‚)
794 317 899 343 debere
923 316 1052 342 sufficere

118 351 248 383 vidimus,
261 355 373 385 praeter
390 351 505 384 reditus,
522 357 673 386 proventus
691 356 719 378 et
740 352 808 384 iura,
826 358 898 385 quae
915 350 951 376 ad
973 359 1051 384 prae-

119 385 206 411 dictas
225 385 357 411 ecclesias
375 390 403 411 et
421 391 573 412 conventus
591 395 687 413 earum
703 391 787 412 antea
808 385 995 419 pertinebant,
1017 385 1052 410 de

119 420 219 453 quibus
233 419 270 445 ad
283 420 419 446 honorem
431 420 485 446 Dei
498 425 526 446 et
538 420 661 454 ipsarum
674 420 854 447 ecclesiarum
872 419 1051 444 commodum

118 454 288 479 intendimus
307 454 445 487 ordinare,
464 463 570 481 exnunc
592 455 758 481 auctoritate
775 453 918 488 praedicta
936 453 971 479 de
988 462 1052 479 con-

119 488 180 514 silio
202 496 235 514 ac
259 489 433 522 plenitudine
454 490 616 515 memoratis
638 489 827 520 concedimus,
850 487 997 519 donamus,
1021 496 1052 513 ac

118 522 203 548 etiam
214 523 382 556 deputamus
396 524 576 557 percipienda
586 523 759 557 integraliter
769 531 819 556 per
831 522 954 556 ipsarum
966 522 1052 548 eccle-

118 557 222 582 siarum
236 558 390 590 praesules,
404 558 451 591 qui
467 567 517 592 pro
532 563 659 591 tempore
672 557 783 589 fuerint,
796 557 823 582 in
836 557 920 582 rebus
934 561 962 582 et
975 556 1052 588 locis,

118 591 232 617 cuilibet
247 592 337 625 magis
355 592 549 618 adiacentibus
567 597 595 618 et
616 592 723 624 vicinis,
741 592 815 616 iuxta
837 591 1052 622 distinctionem,

118 633 168 651 seu
185 625 378 652 limitationem
397 627 568 652 dioecesium
585 627 766 659 singularum,
784 633 834 659 per
854 625 922 651 alias
945 630 1053 650 nostras

118 660 212 686 literas
231 660 399 686 faciendam.
435 661 547 686 Interim
569 665 672 692 tamen,
690 660 867 685 distinctione
886 668 935 685 seu
956 660 1053 685 limita-

119 694 195 720 tione
217 695 361 728 praedicta
382 695 534 729 pendente,
556 695 694 727 volumus,
718 694 794 728 quod
817 702 914 720 eorum
937 694 1053 727 quilibet

119 736 257 754 summam
275 738 339 755 eum
357 730 566 763 contingentem
583 737 633 763 pro
650 733 711 754 rata
727 728 846 762 accipiat
862 729 1005 753 annuatim
1019 728 1053 754 de

117 763 210 795 boniS,
220 763 366 795 reditibus,
377 763 558 798 proventibus
570 768 597 789 et
610 763 716 788 iuribus
727 768 792 788 ante
803 763 884 788 dictis
896 771 946 796 per
955 771 1053 788 manus

119 805 224 830 eorum,
240 806 310 831 quos
329 799 365 824 ad
383 799 436 824 hoc
453 797 656 832 providerimus
675 797 862 831 deputandos.
898 796 1053 822 Residuum

118 840 185 858 vero
207 833 356 865 redituum,
375 837 562 866 proventuum
579 837 607 857 et
625 832 723 857 iurium
741 832 874 865 ipsorum,
888 831 963 865 quod
981 831 1054 856 facta

119 866 155 892 de
169 866 222 892 illis
237 867 277 899 (ut
293 867 478 901 praemissum
496 867 548 899 est)
567 866 756 899 assignatione
775 866 921 899 supererit,
935 873 986 891 nec
999 874 1054 890 non

119 900 340 927 iurisdictionem
357 901 531 935 spiritualem
549 905 578 926 et
595 901 787 934 temporalem,
807 909 878 933 quae
895 900 931 925 ad
949 900 1054 925 dictum

120 935 264 968 quondam
281 935 475 969 episcopatum
488 934 680 960 Tholosanum
698 943 787 968 usque
804 935 840 959 ad
858 939 968 968 tempus
987 934 1054 959 divi-

118 969 205 995 sionis
219 969 378 995 huiusmodi
392 969 559 1003 pertinebat,
573 974 601 995 et
614 977 686 1002 quae
701 968 878 994 distinctione
892 977 941 994 seu
954 968 1054 993 limita-

119 1003 195 1030 tione
217 1008 283 1037 post
303 1003 377 1029 facta
399 1003 550 1037 pendente,
567 1003 701 1029 faciemus
723 1011 772 1036 per
795 1003 910 1028 idoneas
933 1002 1054 1028 exerceri

118 1046 266 1072 personas.
301 1038 344 1063 Ac
361 1038 506 1070 beneficia,
524 1038 633 1063 etiamsi
656 1038 815 1071 dignitates,
834 1041 1000 1071 personatus
1022 1045 1054 1062 ac

118 1072 212 1098 officia
223 1073 368 1104 exsistant,
381 1072 518 1106 (exceptis
531 1072 583 1104 his,
596 1072 633 1097 ad
651 1080 724 1105 quae
742 1072 803 1105 quis
822 1080 871 1105 per
888 1071 1054 1097 electionem

118 1106 278 1139 assumitur,
297 1111 325 1132 et
342 1107 370 1132 in
388 1107 489 1140 quibus
506 1107 551 1132 vel
573 1107 609 1132 ad
632 1115 704 1140 quae
725 1106 891 1132 auctoritate
912 1106 1053 1131 literarum

119 1141 337 1175 apostolicarum
354 1141 436 1166 alicui
454 1149 503 1167 seu
521 1140 661 1174 aliquibus
679 1141 721 1166 ius
739 1145 782 1166 est
799 1140 915 1174 aliquod
936 1140 1054 1173 acquisi-

119 1179 186 1208 tum,
200 1175 301 1209 quibus
319 1184 370 1209 per
383 1175 411 1201 id
424 1175 529 1201 nullum
541 1176 670 1201 volumus
688 1175 889 1209 praeiudicium
905 1173 1053 1208 generari,)

117 1218 191 1236 nunc
202 1214 231 1236 et
243 1210 270 1235 in
281 1215 363 1236 antea
373 1218 462 1243 usque
474 1210 510 1235 ad
524 1209 732 1235 distinctionem
743 1209 914 1235 dioecesium
924 1212 1055 1234 vacatura

119 1244 298 1278 dispositioni
311 1248 423 1270 nostrae
436 1252 468 1270 ac
478 1243 554 1270 sedis
567 1244 738 1278 apostolicae
752 1244 787 1270 de
802 1243 917 1269 fratrum
929 1243 1054 1277 ipsorum

119 1278 235 1305 consilio
248 1287 433 1305 reservamus.
470 1279 547 1304 Haec
564 1279 648 1312 igitur
665 1287 716 1312 per
734 1278 826 1304 dictae
840 1277 915 1304 sedis
932 1277 1054 1311 pruden-

119 1313 187 1339 tiam
199 1313 432 1347 circumspectam
445 1312 484 1338 sic
498 1317 601 1339 statuta
614 1313 762 1339 salubriter
772 1318 800 1338 et
813 1312 917 1338 utiliter
927 1311 1054 1337 ordinata

118 1348 263 1382 perpetuis
277 1356 340 1374 esse
354 1348 472 1373 valitura
485 1347 668 1381 temporibus,
681 1352 709 1373 et
722 1347 806 1373 robur
819 1346 1053 1372 incommutabilis

118 1382 256 1408 firmitatis
270 1383 399 1408 obtinere
411 1382 548 1414 volentes,
561 1382 726 1407 auctoritate
744 1381 888 1415 praedicta
902 1380 1054 1406 districtius

119 1417 288 1449 inhibemus,
301 1425 336 1442 ne
353 1416 454 1450 aliquis
472 1416 662 1450 cuiuscunque
679 1415 926 1450 praeeminentiae,
939 1414 1054 1447 ordinis,

120 1451 288 1477 conditionis
301 1455 349 1477 aut
362 1455 461 1483 status,
471 1451 579 1476 etiamsi
590 1451 822 1484 archiepiscopali
834 1450 879 1476 vel
892 1449 1054 1483 episcopali,

120 1494 170 1512 seu
192 1486 271 1519 regia
292 1485 468 1519 praefulgeat
490 1485 636 1519 dignitate,
658 1485 815 1510 huiusmodi
840 1483 1059 1516 ordinationem5¹

120 1520 306 1554 apostolicam
318 1519 548 1552 reservationem,
562 1524 590 1545 et
606 1520 660 1545 alia
673 1528 757 1553 supra
770 1519 843 1545 dicta
857 1518 955 1552 quovis
968 1517 1054 1543 modo

119 1555 232 1581 turbare
249 1563 299 1581 seu
316 1554 530 1588 quomodolibet
547 1554 683 1588 impedire
701 1557 870 1588 praesumat.
906 1553 967 1578 Nos
980 1553 1054 1578 enim

120 1597 228 1615 exnunc
250 1589 357 1615 irritum
379 1588 556 1614 decernimus
578 1593 606 1615 et
624 1589 715 1621 inane,
733 1589 756 1614 si
773 1596 854 1614 secus
873 1595 956 1621 super
977 1587 1020 1612 his
1039 1595 1055 1612 a

121 1632 263 1658 quoquam
277 1624 374 1658 quavis
388 1623 554 1649 auctoritate
572 1623 721 1657 contigerit
733 1622 873 1648 attentari.
909 1622 945 1647 Et
957 1621 1055 1646 nihilo-

120 1659 212 1684 minus
225 1658 253 1684 in
267 1666 325 1690 eos,
340 1658 386 1692 qui
400 1666 433 1684 ex
446 1662 523 1683 certa
541 1658 657 1683 scientia
674 1657 843 1683 contrarium
859 1663 1055 1690 praesumpse-

121 1692 184 1725 rint,
206 1693 259 1718 nisi
283 1693 354 1718 intra
379 1696 442 1718 octo
469 1692 578 1718 dierum
603 1692 723 1725 spatium
749 1696 814 1726 post
838 1690 1056 1725 publicationem

121 1727 311 1762 praesentium
329 1726 497 1760 resipuerint
515 1735 578 1752 cum
595 1726 707 1759 effectu,
720 1725 1014 1752 excommunicationis
1028 1725 1055 1750 in

120 1770 266 1796 personas,
283 1766 311 1788 et
333 1761 472 1787 interdicti
494 1761 522 1786 in
538 1761 743 1793 universitates,
761 1769 794 1786 ac
815 1759 1007 1793 suspensionis
1029 1759 1056 1784 in

122 1801 285 1828 conventus,
299 1796 420 1830 capitula
433 1795 492 1821 sive
510 1795 636 1829 collegia,
654 1796 690 1821 de
712 1795 828 1821 consilio
846 1799 874 1820 et
891 1793 1056 1819 auctoritate

122 1831 273 1865 praedictis
295 1830 448 1856 sententias
470 1829 690 1864 promulgamus,
707 1838 724 1855 a
741 1830 841 1863 quibus
859 1836 915 1854 non
931 1828 984 1853 nisi
1006 1836 1056 1861 per

122 1866 280 1891 Romanum
290 1864 453 1890 Pontificem
462 1864 647 1890 absolutionis
660 1864 836 1896 beneficium,
848 1863 1056 1897 (praeterquam

122 1900 150 1925 in
166 1900 262 1925 mortis
280 1899 416 1931 articulo,)
434 1898 546 1924 valeant
563 1898 699 1925 obtinere.
735 1898 809 1924 Nulli
827 1905 894 1931 ergo
912 1897 1056 1922 hominum

122 1935 205 1960 liceat
222 1935 293 1960 hanc
310 1933 442 1968 paginam
458 1938 616 1959 nostrarum
635 1933 787 1965 divisionis,
808 1932 969 1963 voluntatis,
991 1939 1055 1957 con-

123 1969 307 2001 stitutionum,
329 1968 510 2000 erectionum,
532 1967 750 2001 insignitionum,
773 1966 990 2000 exemptionum,
1009 1966 1056 1991 de-

123 2004 282 2035 corationis,
306 2002 496 2034 subiectionis,
522 2002 720 2033 concessionis,
746 2001 914 2032 donationis,
940 2000 1056 2034 deputa-

124 2038 216 2070 tionis,
230 2037 436 2068 reservationis,
449 2036 629 2069 inhibitionis,
646 2036 878 2070 promulgationis
897 2034 1057 2068 infringere,

122 2072 167 2098 vel
189 2073 213 2098 ei
235 2080 321 2141 ausu]
336 2076 388 2098 etc.
425 2072 530 2097 Datum
547 2071 628 2097 Avin.
646 2071 705 2097 VII.
723 2071 784 2096 Kal.
802 2070 861 2096 Iulii
877 2070 956 2095 Pont.
970 2069 1058 2094 nostri

122 2108 174 2132 Ao.
189 2108 207 2132 l.
221 2106 308 2141 [1317.

528 2158 544 2176 C
551 2157 600 2176 ΑΡ.
616 2158 653 2177 VI.

123 2193 274 2218 Impedieutes
288 2193 427 2217 episcopatus
441 2191 563 2211 'rholosani
578 2192 714 2211 eret-tionem
729 2191 752 2210 iu
767 2191 885 2210 ecclesiam
900 2190 1059 2213 cathedralem,

123 2222 145 2239 ct
159 2221 206 2238 eius
221 2219 356 2238 divisionem
370 2219 393 2237 in
404 2218 430 2238 V.
441 2218 562 2240 dioeceses,
578 2218 636 2236 ultra
649 2223 732 2241 poenas
747 2218 770 2235 in
781 2217 940 2236 constitutione
950 2216 1060 2240 superiori

123 2246 247 2265 declaratas
258 2245 353 2268 perdunt
367 2244 433 2263 feuda
443 2246 465 2263 et
475 2249 619 2268 quaecuuque
631 2243 739 2263 beneficia
749 2243 874 2266 spiritualis.
883 2244 905 2261 et
919 2242 1059 2266 temporalia.

124 2273 151 2291 Et
171 2272 189 2290 si
209 2272 254 2290 sint
273 2275 382 2295 personae
401 2270 573 2293 ecclesiastieae,
593 2269 721 2288 efficiuntur
738 2269 849 2288 inhabiles
868 2269 896 2287 ad
915 2273 1060 2292 quaecunque

455 2295 564 2315 beneficia
573 2295 733 2315 ecclesiastica.

542 2337 642 2363 Idem.

193 2382 289 2416 Nuper
301 2380 384 2407 certis
398 2388 431 2407 ex
444 2380 545 2412 causis,
559 2388 631 2413 quae
645 2383 769 2405 nostrum
783 2383 811 2405 et
824 2378 939 2404 fratrum
951 2382 1059 2404 nostro-

124 2425 185 2443 rum
202 2417 310 2442 animos
328 2415 364 2441 ad
386 2415 414 2440 id
431 2414 632 2440 rationabiliter
649 2414 826 2445 induxerunt,
840 2413 983 2447 quondam
1001 2412 1059 2446 epi-

125 2456 271 2486 scopatum
280 2450 472 2476 Tholosanurn
486 2449 513 2474 in
523 2449 791 2482 archiepiscopalem
804 2456 853 2474 seu
866 2447 1059 2481 metropolita-

125 2495 189 2512 nam
206 2485 345 2512 ereximus
363 2484 519 2515 ecclesiam,
534 2488 652 2517 quatuor
669 2483 757 2514 villas,
772 2490 889 2516 quarum
904 2481 1059 2516 quamlibet

126 2520 318 2554 insignivimus
330 2518 466 2544 vocabulo
477 2517 731 2551 civitatis,quatuor
741 2516 916 2542 cathedrales
927 2515 1059 2542 ecclesias

125 2555 288 2586 creavimus,
306 2561 389 2579 unam
406 2552 536 2578 videlicet
555 2552 581 2577 in
598 2552 663 2577 villa
680 2551 782 2577 montis
796 2550 898 2576 Albani
917 2550 1059 2584 quondam

127 2589 305 2616 Caturcensis
323 2587 470 2619 dioecesis,
484 2586 641 2612 adiicienda
659 2586 711 2611 sibi
729 2590 805 2611 certa
822 2589 902 2619 parte
916 2584 1059 2618 quondam

126 2624 263 2650 dioecesis
276 2622 464 2654 Tholmanae,
477 2621 593 2647 alteram
611 2620 638 2646 in
655 2621 720 2646 villa
738 2619 921 2649 Lumberiaci,
934 2619 1018 2644 aliam
1032 2619 1059 2644 in

125 2659 190 2684 villa
203 2657 290 2684 sancti
305 2656 410 2690 Papuli,
425 2660 453 2682 et
466 2656 547 2681 aliam
561 2655 587 2681 in
601 2655 665 2680 villa
679 2655 714 2680 de
727 2655 804 2680 Rivis
818 2658 845 2680 et
859 2653 894 2679 de
908 2653 1059 2678 Robestria

126 2693 269 2727 quondam
279 2691 457 2717 Tholosanae
471 2690 618 2716 dioecesis.
645 2690 720 2722 Quas
733 2688 847 2722 quidem
858 2687 991 2713 ecclesias
1004 2695 1060 2713 una

126 2736 189 2754 cum
202 2726 384 2761 Apamiarum
397 2724 516 2751 ecclesia
534 2729 667 2757 tanquam
685 2722 876 2756 suffraganeas
890 2721 1059 2748 subiecimus

126 2763 178 2796 ipsi
192 2761 424 2795 metropolitanae
434 2759 613 2785 Tholosanae
627 2758 771 2784 ecclesiae.
796 2757 840 2782 De
853 2756 932 2782 bonis
947 2764 1059 2789 quoque

126 2801 155 2823 et
172 2796 306 2822 reditibus
324 2794 389 2820 dicti
412 2793 555 2827 quondam
572 2793 750 2826 episcopatus
765 2790 918 2817 Tholosani
937 2794 993 2816 tam
1006 2790 1059 2823 ipsi

124 2831 304 2857 Tholosanae
325 2837 410 2863 quam
431 2827 581 2867 praedictis
603 2827 730 2853 ecclesiis
749 2824 932 2857 suffraganeis
954 2828 1059 2850 certam

125 2865 293 2900 portionem,
301 2872 384 2898 quam
395 2862 543 2896 unicuique
554 2861 663 2887 illarum
673 2861 778 2886 debere
788 2858 917 2885 sufficere
927 2858 1057 2891 vidimus,

125 2900 298 2935 providimus
315 2897 523 2931 assignandam,
537 2896 616 2922 totali
633 2896 770 2922 bonorum
787 2899 815 2921 et
833 2893 972 2920 redituum
985 2893 1059 2927 ipso-

178 3021 232 3041 Tit.
246 3021 275 3040 Π.
304 3020 366 3044 Cap.
381 3019 429 3039 VH.
458 3018 477 3042 1)
487 3018 507 3036 in
519 3016 606 3042 Qi'nsrr.
622 3016 665 3036 osi:
684 3016 722 3035 dil.
737 3015 788 3034 filiis
803 3015 974 3034 lim-tholomaeo
989 3014 1065 3034 abbati

126 3047 258 3067 monasterii
267 3047 374 3066 Elitensis
385 3045 484 3065 Narbon.
495 3044 599 3067 dioeces,
614 3045 635 3063 et
649 3042 677 3062 de
686 3042 766 3061 Puluio
776 3041 803 3060 de
815 3041 900 3060 Bal'mo
909 3041 1034 3064 nugonem.
1043 3042 1065 3060 et

355 204 572 231 EXTRAVAG.
593 205 765 231 COMMUN.
785 205 850 231 LIB.
869 204 912 230 111.
931 203 1002 230 TIT.
1020 204 1052 230 ΙΙ.
1071 205 1122 230 DE
1141 205 1371 231 PRAEBENDIS
1391 205 1438 231 ET
1457 204 1645 231 DIGNITAT.
1666 211 1688 230 e.
1708 205 1783 229 6m8.

1955 181 2021 228 1e62

1087 291 1147 309 rum
1160 283 1272 309 residuo
1286 283 1462 317 dispositioni
1476 287 1587 309 nostrae
1605 286 1633 308 et
1650 281 1725 308 sedis
1742 279 1914 315 apostolicae
1931 287 2019 305 reser-

1086 322 1160 343 vato.
1196 318 1259 343 Alia
1281 318 1365 344 etiam
1384 318 1455 343 circa
1477 317 1632 351 praemissa
1653 316 1778 348 fecimus,
1798 315 1972 342 decrevimus
1991 318 2019 339 et

1087 352 1276 378 ordinavimus
1298 361 1331 378 ex
1352 357 1428 378 certa
1450 357 1546 378 nostra
1562 351 1687 383 scientia,
1705 351 1740 376 de
1758 351 1882 384 ipsorum
1903 348 2019 375 fratrum

1087 387 1218 412 concordi
1247 387 1373 419 consilio,
1403 391 1430 413 et
1459 386 1629 420 apostolicae
1660 385 1833 419 plenitudine
1862 382 2020 418 potestatis,

1088 421 1238 446 districtius
1256 421 1423 453 inhibentes,
1441 429 1476 447 ne
1490 421 1550 454 quis
1566 420 1756 453 cuiuscunque
1773 417 2020 453 praeeminentiae,

1088 455 1202 487 ordinis,
1215 455 1382 481 conditionis
1396 460 1442 481 aut
1456 460 1554 487 status,
1565 454 1672 480 etiamsi
1686 452 1917 488 archiepiscopali
1931 451 2020 485 digni-

1088 494 1144 515 tate
1162 490 1291 523 fulgeret,
1309 490 1398 523 ipsam
1417 489 1621 515 ordinationem
1637 493 1761 514 nostram
1782 487 1919 522 impedire
1940 494 2020 521 prae-

1088 530 1210 550 sumeret
1223 524 1267 550 vel
1281 524 1402 556 turbare,
1414 532 1445 549 ac
1456 524 1641 550 decernentes
1653 531 1760 549 exnunc
1773 522 1879 548 irritum
1890 526 1917 547 et
1930 521 2020 552 inane,

1088 559 1109 584 si
1129 567 1209 584 secus
1228 567 1312 592 super
1329 559 1371 583 his
1385 567 1401 583 a
1414 566 1556 592 quoquam
1575 558 1672 591 quavis
1690 557 1856 583 auctoritate
1874 555 2023 588 contigerit

1088 594 1227 618 attentari.
1264 593 1299 618 Et
1316 592 1494 618 nihilominus
1513 592 1539 617 in
1557 600 1616 624 eos,
1630 592 1676 625 qui
1690 600 1723 617 ex
1738 596 1814 617 certa
1827 590 1944 616 scientia
1957 597 2020 615 con-

1088 627 1202 653 trarium
1224 627 1356 659 facerent,
1378 627 1430 652 nisi
1454 626 1620 660 resipuerint
1645 634 1706 651 cum
1732 625 1841 657 effectu,
1865 625 1936 650 intra
1957 628 2020 649 octo

1089 661 1197 687 dierum
1214 662 1336 695 spatium
1355 666 1419 695 post
1437 661 1654 694 publicationem
1673 660 1853 686 ordinationis
1871 659 1958 697 ipsius
1976 666 2022 684 ex-

1089 696 1347 721 communicationis
1364 695 1392 720 in
1410 703 1554 729 personas,
1569 694 1708 720 interdicti
1726 695 1753 719 in
1772 694 1976 725 universitates,
1989 700 2022 717 ac

1089 730 1280 764 suspensionis
1300 731 1453 756 sententias
1471 730 1498 755 in
1513 729 1643 763 capitula,
1656 733 1809 754 conventus
1828 728 1886 754 sive
1904 726 2022 760 collegia

1089 764 1216 790 duximus
1239 763 1467 798 promulgandas,
1490 768 1570 797 prout
1591 764 1661 789 haec
1683 768 1710 789 et
1735 763 1789 788 alia
1811 763 1837 788 in
1862 761 2023 796 apostolicis

1089 799 1174 824 literis
1189 799 1254 824 inde
1270 798 1403 824 confectis
1421 798 1530 832 plenius
1544 798 1728 823 continentur.
1764 797 1871 823 Verum
1884 796 1949 830 quia
1962 795 2024 829 ipsa

1090 837 1185 858 nostra
1205 833 1342 858 ordinatio
1363 841 1397 858 eo
1417 832 1557 858 efficacius
1573 836 1600 858 et
1620 831 1805 857 inviolabilius
1825 835 1953 865 speratur
1967 838 2024 855 ser-

1089 868 1156 899 vari,
1179 876 1234 900 quo
1257 867 1377 901 plurium
1399 871 1427 893 et
1451 867 1609 900 graviorum
1632 866 1736 891 vallata
1759 865 1841 891 fuerit
1866 864 2024 891 adiectione

1090 910 1256 935 poenarum:
1278 909 1340 933 nos,
1357 901 1393 927 ad
1416 901 1642 927 observationem
1664 901 1859 925 inconcussam
1881 898 1967 933 ipsius
1990 906 2023 924 eo

1089 936 1208 970 amplius
1222 936 1396 967 anhelantes,
1410 944 1466 969 quo
1480 935 1636 961 evidentius
1650 934 1678 960 in
1691 934 1776 960 divini
1790 934 1878 959 cultus
1891 941 2024 966 augmen-

1090 974 1148 995 tum
1162 975 1189 996 et
1202 970 1321 996 salutem
1334 970 1459 995 fidelium
1469 970 1623 995 animarum
1632 969 1755 994 noscitur
1768 968 1935 1000 redundare,
1946 975 2024 1001 prae-

1090 1004 1153 1030 fatis
1171 1004 1329 1031 adiiciendo
1348 1004 1494 1030 sententiis
1513 1012 1611 1029 omnes
1630 1008 1657 1029 et
1679 1003 1813 1036 singulos,
1832 1003 1953 1028 scienter
1970 1006 2026 1027 tur—

1089 1039 1190 1064 bantes
1204 1044 1251 1064 aut
1269 1038 1454 1072 impedientes
1473 1038 1678 1064 ordinationem
1695 1037 1815 1063 eandem
1832 1041 1879 1062 aut
1892 1037 1985 1070 aliqua
1998 1036 2026 1061 in

1090 1073 1136 1098 illa
1150 1078 1290 1105 contenta,
1304 1081 1354 1099 seu
1368 1073 1542 1098 turbantibus
1556 1072 1601 1098 vel
1615 1071 1834 1106 impedientibus
1848 1071 1947 1097 dantes
1961 1078 2025 1096 con-

1089 1108 1190 1140 silium,
1202 1107 1335 1133 auxilium
1352 1107 1397 1133 vel
1414 1107 1547 1139 favorem,
1566 1106 1672 1132 directe
1689 1106 1734 1132 vel
1752 1106 1896 1138 indirecte,
1913 1104 2026 1139 publice

1090 1142 1134 1168 vel
1151 1142 1269 1174 occulte,
1283 1142 1473 1175 cuiuscunque
1490 1141 1545 1166 sint
1562 1140 1740 1172 conditionis,
1754 1140 1907 1173 dignitatis,
1921 1139 2025 1165 ordinis

1090 1181 1137 1201 aut
1150 1180 1248 1208 status,
1261 1176 1444 1202 ecclesiastici
1457 1176 1501 1201 vel
1514 1175 1658 1207 mundani,
1672 1175 1781 1200 etiamsi
1794 1173 2025 1208 archiepiscopali

1089 1210 1134 1236 vel
1151 1210 1313 1244 episcopali,
1327 1215 1375 1235 aut
1391 1209 1488 1235 maiori
1506 1210 1551 1235 vel
1569 1210 1705 1243 superiori
1724 1209 1919 1243 praefulgeant
1937 1207 2025 1241 digni-

1090 1249 1156 1277 tate,
1180 1245 1233 1270 nisi
1257 1245 1328 1270 intra
1352 1249 1415 1270 octo
1441 1244 1548 1270 dierum
1573 1243 1694 1277 spatium
1719 1248 1783 1277 post
1807 1242 2026 1277 publicationem

1090 1279 1280 1313 praesentium
1304 1279 1339 1304 ab
1363 1278 1523 1304 huiusmodi
1555 1277 1756 1312 impedimento
1780 1286 1829 1303 seu
1860 1277 2027 1308 turbatione,

1089 1322 1121 1339 ac
1143 1313 1318 1347 impensione
1336 1313 1450 1345 consilii,
1467 1312 1559 1338 auxilii
1581 1312 1627 1338 vel
1648 1312 1751 1338 favoris
1774 1311 1943 1346 resipuerint
1964 1319 2027 1336 cum

1089 1347 1200 1380 effectu,
1214 1347 1315 1379 feudis,
1328 1347 1523 1379 locationibus,
1537 1346 1636 1372 officiis
1650 1351 1678 1372 et
1694 1346 1838 1372 beneficiis
1857 1346 2026 1380 quibuscun-

1090 1390 1144 1416 que
1166 1382 1355 1416 spiritualibus
1378 1386 1406 1408 et
1433 1381 1645 1415 temporalibus,
1670 1381 1779 1407 etiamsi
1804 1380 1956 1414 dignitates
1980 1379 2026 1405 vel

1090 1417 1264 1450 praelaturae
1278 1416 1393 1450 quaevis
1407 1416 1518 1448 fuerint,
1530 1424 1601 1449 quae
1612 1416 1647 1441 ab
1662 1415 1787 1442 ecclesiis
1800 1423 1850 1441 seu
1860 1415 1889 1440 in
1899 1414 2025 1441 ecclesiis

1090 1451 1304 1485 quibuscunque
1329 1450 1496 1476 obtinebunt
1521 1458 1571 1476 seu
1601 1450 1741 1482 obtinent,
1766 1458 1800 1476 ex
1825 1454 1902 1475 certa
1930 1453 2027 1474 nostra

1090 1485 1215 1517 scientia,
1240 1490 1269 1511 et
1291 1485 1327 1511 de
1352 1485 1478 1519 ipsorum
1502 1484 1619 1510 fratrum
1644 1484 1776 1517 consilio,
1801 1488 1829 1510 et
1853 1483 2027 1518 apostolicae

1091 1520 1265 1553 plenitudine
1286 1519 1435 1553 potestatis
1453 1519 1576 1553 privatos
1594 1527 1658 1545 esse
1677 1518 1852 1545 decernimus
1866 1519 1928 1552 ipso
1942 1517 2026 1543 facto.

1091 1555 1126 1579 Et
1143 1554 1183 1580 sic
1201 1554 1289 1580 libere
1307 1554 1368 1588 ipsa
1386 1553 1478 1586 feuda,
1493 1553 1646 1579 locationes
1663 1554 1707 1579 vel
1725 1553 1817 1579 officia
1829 1557 1877 1578 aut
1888 1551 2026 1578 beneficia

1091 1588 1247 1622 spiritualia
1259 1592 1287 1614 et
1304 1589 1479 1622 temporalia,
1493 1588 1644 1621 dignitates
1657 1592 1686 1614 et
1701 1588 1878 1622 praelaturae
1891 1587 1929 1612 ad
1941 1588 2025 1620 ipsas,

1091 1623 1127 1648 ad
1145 1631 1214 1656 quas
1233 1627 1371 1657 spectant,
1389 1627 1564 1649 revertantur
1585 1622 1728 1654 ecclesias,
1745 1626 1773 1648 et
1791 1622 1975 1648 devolvantur
1991 1620 2028 1646 ad

1091 1661 1224 1690 rectores,
1239 1657 1360 1691 capitula
1377 1665 1427 1683 seu
1445 1657 1565 1690 collegia
1581 1656 1744 1689 eorundem,
1762 1656 1839 1690 quod
1856 1656 1892 1682 de
1905 1655 1956 1681 illis
1974 1663 2026 1689 pro

1091 1700 1143 1717 sua
1155 1691 1300 1717 voluntate
1318 1691 1478 1725 disponant,
1492 1696 1519 1717 et
1532 1691 1569 1717 ad
1587 1691 1738 1724 dignitates
1752 1696 1780 1717 et
1793 1690 1964 1724 praelaturas
1978 1697 2029 1723 per

1093 1726 1260 1752 electionem
1275 1730 1322 1751 aut
1341 1727 1425 1751 aliurn
1442 1725 1558 1751 modum
1574 1725 1680 1751 licitum
1697 1725 1814 1751 idoneas
1832 1733 1968 1759 personas
1985 1732 2028 1749 as-

1091 1765 1212 1793 sumant,
1226 1768 1420 1794 personasque
1438 1760 1653 1792 ecclesiasticas,
1667 1768 1740 1794 quae
1757 1759 1911 1793 culpabiles
1925 1759 2027 1785 fuerint

1091 1796 1119 1820 in
1141 1795 1312 1829 praemissis,
1337 1795 1545 1820 inhabilitamus
1570 1794 1607 1820 ad
1632 1802 1816 1828 quaecunque
1839 1793 2030 1820 ecclesiastica

1091 1829 1228 1855 beneficia
1256 1829 1418 1855 obtinenda.
1462 1829 1537 1854 Nulli
1567 1837 1634 1862 ergo
1664 1828 1776 1854 omnino
1807 1828 1951 1854 hominum
1975 1832 2028 1854 etc.

1091 1864 1197 1890 Datum
1209 1863 1338 1890 Avinion.
1352 1864 1398 1890 IV.
1412 1864 1484 1890 Non.
1497 1864 1571 1897 Aug.
1585 1864 1664 1889 Pont.
1677 1863 1765 1889 nostri
1777 1863 1861 1889 A0.1.
1876 1861 1976 1898 [1317.]

1493 1933 1509 1953 C
1517 1933 1535 1952 A
1541 1933 1566 1952 P.
1581 1933 1630 1953 VH.

1105 1968 1252 1988 Exsecutores
1262 1969 1357 1992 quatuor
1367 1967 1448 1987 dautur
1457 1967 1485 1987 ad
1499 1973 1584 1992 poenas
1594 1967 1719 1992 superiores
1729 1967 1853 1987 solennIter
1862 1967 2016 1992 publicandas.

1092 2018 1183 2044 Idem
1206 2018 1468 2044 Bartholomaeo
1493 2018 1615 2044 Electo
1634 2018 1869 2044 Narbonensis
1893 2018 2029 2044 dioece-

1094 2057 1153 2089 sis,
1181 2057 1344 2090 Aguelmo
1378 2057 1418 2082 de
1450 2057 1568 2082 Blavia
1599 2056 1847 2090 Engolimensi,
1880 2056 2028 2083 Eduensi

1093 2095 1362 2128 Archidiacono,
1385 2099 1418 2121 et
1441 2095 1606 2128 magistro
1625 2095 1832 2129 Berengario
1857 2094 1897 2121 de
1915 2095 2030 2129 Lagiis

1140 2133 1398 2161 Lemovicensis
1429 2138 1462 2159 et
1492 2133 1724 2160 Narbonensis
1756 2133 1981 2160 ecclesiarum

1464 2172 1662 2199 Canonicol.

1163 2224 1259 2257 Nuper
1271 2232 1305 2250 ex
1318 2223 1400 2250 certis
1414 2223 1514 2255 causis,
1528 2231 1601 2257 quae
1614 2228 1739 2249 nostrum
1753 2228 1780 2250 et
1793 2223 1909 2250 fratrum
1922 2228 2029 2250 nostro-

1095 2266 1156 2283 rum
1173 2259 1279 2284 animos
1297 2258 1333 2284 ad
1355 2258 1384 2283 id
1406 2258 1607 2284 rationabiliter
1624 2258 1800 2290 induxerunt,
1818 2263 1870 2284 etc.
1889 2259 1929 2292 (ut
1946 2266 2030 2292 supra

1096 2293 1221 2326 proxime
1246 2301 1336 2327 usque
1360 2292 1409 2318 ad:
1438 2292 1599 2325 „beneficia
1623 2293 1813 2318 ecclesiastica
1838 2292 2030 2325 obtinenda.“)

1096 2327 1232 2360 Quocirca
1250 2326 1411 2353 discretioni
1428 2331 1539 2352 vestrae
1556 2335 1606 2361 per
1623 2327 1779 2360 apostolica
1796 2327 1899 2361 scripta
1916 2327 2030 2353 manda-

1095 2370 1166 2393 mus,
1185 2366 1323 2394 quatenus
1341 2361 1526 2395 privationem
1539 2366 1567 2387 et
1580 2361 1831 2387 inhabilitationem
1844 2366 1968 2387 nostram
1980 2362 2029 2387 hu-

1095 2395 1215 2421 iusmodi
1232 2404 1283 2421 vos
1302 2403 1408 2427 omnes,
1426 2403 1475 2421 seu
1493 2400 1559 2428 tres,
1576 2395 1621 2421 vel
1638 2395 1703 2427 du0,
1724 2395 1783 2421 sive
1801 2404 1870 2421 unus
1888 2404 1923 2421 ex
1939 2395 2029 2428 vobis,

1095 2438 1145 2464 per
1162 2438 1212 2455 vos
1229 2430 1275 2456 vel
1292 2430 1376 2455 aliurn
1394 2437 1444 2455 seu
1462 2429 1542 2462 alios,
1560 2429 1587 2455 in
1601 2430 1726 2456 ecclesiis
1740 2434 1768 2455 et
1786 2430 1947 2456 solennibus
1961 2429 2028 2455 Iocis

1095 2469 1123 2490 et
1141 2464 1211 2496 aliis,
1230 2464 1266 2490 de
1285 2464 1386 2498 quibus
1404 2468 1432 2490 et
1450 2464 1560 2497 quoties
1579 2464 1712 2497 expedire
1724 2464 1860 2497 videritis,
1878 2464 2031 2490 solenniter

1094 2498 1251 2532 publicetis,
1265 2506 1300 2524 ne
1311 2498 1460 2532 quisquam
1473 2498 1565 2524 valeat
1576 2498 1648 2523 circa
1661 2497 1689 2523 id
1703 2498 1889 2531 ignorantiam
1898 2499 2030 2531 allegare.

1095 2533 1199 2558 Datum
1220 2532 1349 2559 Avinion.
1368 2533 1400 2559 11.
1423 2532 1487 2558 Idus
1509 2533 1661 2558 Novembr.
1682 2533 1762 2558 Pont.
1784 2533 1871 2558 nostri
1889 2533 1942 2559 Ao.
1961 2533 2030 2559 V111.

1095 2566 1196 2602 [1323·]

1494 2619 1567 2639 CAP.
1582 2618 1642 2639 vm.

1094 2654 1214 2677 Dispensat
1232 2659 1282 2673 cum
1296 2653 1392 2677 quodam
1407 2653 1495 2678 abbate,
1514 2655 1539 2672 ut
1557 2653 1673 2677 episcopus
1691 2653 1760 2677 possit
1774 2658 1829 2677 esse,
1848 2653 1901 2672 licet
1919 2652 2030 2673 defectum

1094 2680 1191 2703 patiatur
1205 2680 1228 2698 iu
1239 2680 1355 2699 ordinibus
1367 2681 1388 2698 nt
1402 2682 1482 2699 aetate.
1510 2680 1544 2698 Ex
1554 2679 1594 2698 hae
1606 2681 1628 2698 et
1642 2679 1743 2702 sequenti
1759 2679 1912 2702 cognoscimus
1923 2684 1999 2699 causa-s
2010 2682 2031 2699 nt

1095 2706 1176 2724 formas
1186 2705 1338 2729 dispensandi.
1363 2706 1515 2729 Quaecunque
1526 2705 1585 2723 euim
1597 2705 1678 2728 scripta
1688 2706 1746 2729 sunt,
1757 2705 1784 2723 nd
1795 2706 1893 2724 nostram
1904 2704 2029 2725 doctrinam

1400 2732 1482 2755 scriptu
1492 2732 1550 2749 sunt,
1561 2730 1588 2749 nd
1600 2730 1663 2749 Rom.
1674 2731 1721 2750 XV.

1240 2781 1330 2808 Idem
1348 2781 1500 2807 Arnoldo
1518 2781 1636 2806 Electo
1654 2780 1889 2806 Lumbanensi.

1164 2825 1261 2858 Nuper
1273 2833 1307 2851 ex
1317 2823 1400 2850 certis
1414 2823 1626 2849 rationabilibus
1639 2827 1667 2849 et
1679 2823 1834 2849 manifestis
1844 2823 1944 2856 causis,
1957 2831 2030 2858 quae

1095 2858 1131 2885 ad
1147 2859 1201 2885 hoc
1218 2864 1345 2885 nostrum
1362 2858 1484 2883 animum
1502 2857 1678 2889 induxerunt,
1700 2858 1840 2883 civitatem
1858 2858 2029 2885 Lambanen-

1095 2901 1155 2920 sem
1168 2893 1235 2920 olim
1251 2893 1346 2919 villam
1363 2892 1399 2919 de
1412 2891 1573 2925 Lumbanis‚
1591 2896 1655 2918 tunc
1672 2892 1744 2918 intra
1755 2892 1935 2919 Tholosanae
1952 2892 2030 2919 dioe-

1100 3013 1208 3039 Bnybnud
1228 3014 1256 3032 de
1275 3012 1377 3037 Retsngn.
1392 3012 1504 3033 Avmlcns.
1519 3013 1616 3032 Eduens.
1631 3012 1730 3032 Aur-exat.
1745 3014 1767 3032 ct
1781 3018 1839 3038 mag.
1853 3013 1990 3038 neronem-io
2003 3013 2031 3034 de

1100 3040 1184 3064 Elngiis
1194 3040 1296 3059 canonic.
1306 3039 1404 3059 Narbon.
1416 3039 1470 3059 cccl.
1480 3041 1503 3059 et.
1511 3052 1518 3058 .
1528 3052 1533 3059 .
1544 3052 1550 3058 .
1560 3038 1675 3064 capellano
1685 3040 1769 3059 nostro.
