2243 3288
145 290 194 315 2⁸35»
529 287 635 312 LIBER
656 286 799 313 SEXTUS
819 286 1089 314 DECRETALIUM
1109 288 1241 315 DOMINI
1261 287 1444 314 150N11³AC11
1463 287 1581 314 PAPAE
1602 288 1671 314 vlll.
2008 288 2058 314 036

147 367 304 404 mutatis,
337 366 535 413 multisque
559 365 860 403 correctionibus,
890 366 1179 403 detractionibus
1204 375 1241 403 et
1264 367 1523 407 additionibus,
1554 375 1663 414 prout
1686 367 1861 415 expedire
1887 367 2055 407 vidimus,

149 428 251 462 sactis
281 427 315 461 in
347 426 444 473 ipsis,
474 426 509 460 in
540 438 652 460 unum
682 425 814 460 librum
845 438 926 460 cum
955 426 1139 462 nonnullis
1165 428 1298 463 nostris
1326 427 1659 468 constitutionibus,
1690 428 1725 462 in
1750 428 1883 475 quibus
1906 427 1951 463 ad
1980 441 2056 463 cor-

149 487 348 523 rectionem
378 499 520 521 morum
549 485 856 532 subditorumque
883 485 1046 533 quietem
1076 486 1190 523 multa
1217 495 1428 524 statuuntur
1455 487 1623 525 salubria.
1654 487 1791 523 fructus
1812 489 1943 523 uberes
1973 487 2056 523 Deo

147 547 307 595 propitio
332 547 367 581 in
392 547 503 581 domo
531 545 681 581 Domini
707 545 868 583 allatura.
894 546 948 581 et¹³
976 546 1131 593 plurima
1160 547 1194 583 in
1221 548 1362 583 iudiciis
1386 555 1423 583 et
1447 555 1551 583 extra
1576 547 1806 594 frequentata
1830 547 1941 583 dubia
1960 548 2056 583 deci-

147 608 292 644 duntur,
325 606 439 654 redigi
466 606 734 645 mandavimus
764 614 801 641 et
825 606 894 641 sub
918 606 1053 642 debitis
1078 607 1191 643 titulis
1216 607 1392 644 collocari.
1451 608 1574 654 Quem
1599 607 1740 648 librum,
1770 607 1932 655 quinque
1957 608 2058 643 libris

147 668 244 703 aliis³
273 667 359 702 dicti
394 666 590 702 voluminis
623 666 861 702 decretalium
891 666 1172 707 adnectendum,
1206 676 1373 703 sextum
1407 667 1615 703 censuimus
1649 668 1858 714 nuncupari,
1893 676 1931 704 ut
1960 668 2057 704 idern

148 728 319 764 volumen
341 726 535 765 senarium,
561 727 622 774 qui
649 739 822 762 numerus
842 734 898 762 est
919 727 1112 774 perfectus,
1137 727 1311 763 librorum
1333 728 1392 764 illo
1412 728 1585 763 adiuncto
1606 740 1798 763 numerum
1817 728 2056 775 comprehen-

146 789 247 826 dens.
276 787 478 834 perfectam
508 787 542 822 in
572 787 680 822 rebus
709 787 864 833 agendis
894 787 1047 822 formam
1076 787 1212 823 tribuat
1240 796 1276 824 et
1306 788 1340 823 in
1369 789 1532 823 moribus
1559 787 1799 834 disciplinam.
1869 788 1951 824 Nec
1978 788 2058 824 sine

145 861 255 883 causa
280 860 420 883 morem
446 847 772 894 praedecessorum
800 848 1034 888 nostrorums,
1064 847 1135 894 qui,
1164 862 1276 895 quum
1301 849 1583 884 constitutiones
1603 847 1744 894 aliquas
1774 847 2059 896 promulgabant

146 908 299 947 noviter,
338 921 400 942 eas
434 907 660 942 mandabant
697 907 766 942 sub
802 907 1035 954 antiquarum
1067 907 1161 943 serie
1194 908 1329 946 situari.
1367 908 1557 943 omisimus
1591 908 1625 942 in
1660 907 1727 942 hac
1761 915 1864 955 parte
1896 921 2054 944 servare.

150 968 289 1003 Haecs·‘
328 967 426 1003 enim
460 967 621 1005 fecimus,
661 980 705 1002 ne
740 968 901 1003 infinitos
935 967 1046 1002 libros
1075 968 1223 1007 destrui,
1254 976 1290 1003 et
1318 967 1408 1003 alios
1438 981 1510 1003 non
1539 968 1618 1003 sine
1647 967 1816 1003 maximis
1845 968 2057 1015 dispendiis,

146 1028 333 1063 laboribus
362 1036 398 1063 et
427 1027 600 1074 expensis
628 1028 674 1062 de
704 1041 801 1063 novo
831 1028 907 1063 fieri
934 1036 1131 1074 oporteret.
1192 1028 1437 1063 Universitati
1464 1036 1608 1063 vestrae
1634 1028 1745 1076 igitur
1769 1041 1834 1075 per
1856 1028 2060 1075 apostolica

146 1088 282 1135 scripta
306 1088 532 1125 mandamus,
562 1096 744 1134 quatenus
770 1088 901 1123 librum
926 1088 1134 1123 huiusmodi
1160 1101 1242 1123 cum
1268 1088 1380 1123 multa
1401 1088 1610 1124 maturitate
1631 1088 1826 1136 digestum,
1856 1101 1966 1135 quem
1991 1089 2059 1124 sub

145 1148 242 1183 bulla
272 1156 395 1183 nostra
421 1148 526 1183 vobis
555 1148 868 1183 transmittinuis¹⁴¹

871 1177 877 1187 ‚
908 1156 1081 1195 prompto
1109 1148 1352 1195 suscipientes
1379 1148 1520 1187 affectu.
1550 1162 1594 1184 eo
1624 1148 1773 1184 utamini
1799 1149 1845 1183 de
1870 1156 1993 1184 cetero
2022 1149 2058 1184 in

147 1208 289 1243 iudiciis
310 1216 346 1243 et
368 1208 401 1243 in
422 1208 567 1246 scholis,
590 1208 706 1243 nullas
726 1208 815 1243 alias
835 1217 982 1256 praeter
1002 1208 1089 1249 illas,
1114 1222 1209 1255 quae
1230 1209 1440 1244 inseruntur
1459 1217 1521 1244 aut
1540 1208 1747 1256 specialiter
1768 1216 2002 1244 reservantur
2022 1209 2057 1244 in

147 1282 200 1306 eo.
231 1268 434 1303 decretales
459 1277 522 1304 aut
548 1269 843 1307 constitutiones,
873 1282 894 1304 a
917 1269 1199 1316 quibuscunque
1229 1269 1363 1304 nostris
1391 1269 1738 1316 praedecessoribus
1761 1269 1938 1304 Romanis
1965 1269 2058 1304 Pon-

146 1328 304 1364 tificibus
324 1330 435 1375 post¹¹
461 1329 662 1365 editionem
683 1329 769 1364 dicti
792 1329 989 1365 voluminis
1009 1328 1270 1377 promulgatas.
1299 1330 1478 1377 recepturi
1501 1329 1682 1365 ulterius¹²
1701 1337 1763 1364 aut
1783 1342 1849 1376 pro
1869 1329 2058 1365 decretali-

147 1389 214 1423 bus
235 1388 403 1424 habituri.

214 1510 239 1537 0)
254 1518 341 1540 quum:
356 1509 376 1533 Α
461 1511 483 1538 7)
499 1510 529 1533 al.
541 1519 545 1532 :
559 1508 637 1532 rlmwl:
652 1509 673 1533 Α
757 1509 781 1537 S)
797 1512 870 1532 nostr.
882 1519 886 1533 z
900 1508 978 1534 dccxl.-
995 1508 1014 1534 κ1
1098 1511 1123 1540 9)
1142 1511 1209 1533 Hoc:
1223 1508 1353 1534 [ll-{DEG
1439 1510 1477 1540 10)
1493 1510 1685 1534 transmisimus:
1699 1508 1721 1534 ⁴l
1808 1510 1846 1538 ιι)
1861 1513 1913 1541 post
1930 1528 1934 1533 .
1952 1528 1956 1533 .
1975 1528 1980 1533 .
1998 1509 2061 1534 vol.:

146 1543 224 1568 mest:
239 1543 270 1567 il).
346 1545 384 1573 12)
400 1545 442 1568 uli.
461 1562 465 1567 .
484 1563 488 1568 .
507 1563 512 1567 .
529 1544 604 1568 habit.
618 1554 622 1567 :
638 1544 716 1568 deest:
731 1543 762 1568 ib.
