2243 3288
816 669 1423 718 PROLEGOMENA.

349 841 380 864 A.
422 841 657 865 DECRETALES
678 842 855 866 GREGORII
876 844 923 866 IX.

200 889 217 907 1.
258 889 294 906 DE
313 889 418 907 INDOLE
436 890 470 907 ET
488 890 611 908 RATioxE
630 891 831 908 DECRETALIFM
849 892 1076 910 commum-roms.

217 935 278 964 Quis
291 943 339 966 qua
352 939 431 958 aetate
444 935 582 958 confecerit.

217 969 433 999 Quemadmodum
443 970 587 993 inscribatur
597 970 664 998 liber,
674 971 799 1001 quomodo
806 972 1038 995 canonesdistributi
1049 972 1104 996 sint.

218 1004 255 1027 Ex
268 1004 356 1034 quibus
367 1003 474 1027 sontibus
489 1005 649 1034 Raymundus
662 1004 767 1028 hauserit
782 1013 894 1029 canones

218 1038 314 1068 Quibus
328 1046 449 1061 canonum
463 1038 649 1062 collectionibus
664 1039 824 1070 Raymundus
837 1048 894 1063 usus
907 1041 944 1063 sit.

170 941 194 1068 ÷wer

268 1112 298 1129 11.
339 1112 374 1129 DE
392 1112 575 1130 EDITXOXIBL'S
594 1113 795 1130 DECRETALH‘M
814 1114 947 1131 GREGORII
967 1115 1004 1132 Ix.

217 1158 256 1181 De
269 1157 417 1181 editionibus
431 1158 488 1181 XV.
505 1162 528 1181 et
543 1159 614 1182 XVI.
632 1159 721 1182 saeculi
735 1163 757 1182 et
771 1159 802 1182 de
815 1159 921 1183 editione
936 1160 1056 1184 Romana.

217 1193 255 1215 De
270 1192 337 1215 Iusto
352 1192 495 1223 Henningio
510 1192 617 1216 BOhmer
629 1198 652 1216 et
666 1193 775 1216 Aemilio
790 1194 915 1217 Ludovico
930 1194 1037 1218 Richter.

217 1227 256 1249 De
270 1234 323 1250 mea
337 1226 451 1250 editione.

170 1164 193 1257 wer

350 1295 377 1318 B.
418 1295 526 1318 LIBER
545 1295 620 1318 Vltus
639 1296 828 1319 BONIFACII
850 1296 925 1320 VIII.

342 1343 359 1361 1.
404 1343 441 1360 DE
465 1344 570 1361 1xD0LE
594 1344 628 1361 ET
652 1344 775 1362 RATioxE
799 1345 874 1362 LIBRI
899 1345 936 1363 vr.

218 1389 267 1419 Qui
280 1396 328 1420 qua
341 1392 421 1412 aetate
434 1389 589 1412 confecerint.

217 1423 433 1453 Quemadmodum
444 1424 588 1446 inscribatur
598 1424 666 1452 liber,
677 1424 801 1454 quomodo
808 1425 1040 1449 canonesdistributi
1050 1426 1106 1449 sint.

218 1458 255 1481 Ex
268 1456 358 1488 quibus
371 1457 478 1481 sontibus
492 1458 673 1488 Compilatores
686 1458 809 1482 hauserint
823 1467 935 1483 canones.

217 1492 313 1522 Quibus
326 1500 447 1515 canonum
461 1492 646 1515 collectionibus
658 1493 694 1515 usi
708 1493 763 1516 sint.

170 1396 194 1522 eope

261 1705 304 1736 A.
351 1704 671 1736 DECRETALES
701 1705 936 1737 GREGORII
967 1706 1026 1738 IX.

206 1782 225 1807 Ι.
273 1781 325 1807 DE
355 1780 495 1806 INDOLE
525 1781 574 1806 ET
604 1781 770 1807 RATIONE
800 1781 1074 1809 DECRETALIUM

495 1823 790 1850 COMPILATIONIS.

355 1900 377 1918 1.
415 1892 496 1926 Quis
516 1900 580 1926 qua
599 1896 714 1918 aetate
734 1892 935 1919 confecerit.

239 1945 402 1983 Gregorius
420 1946 470 1974 ΙΧ.
490 1946 598 1974 eodem
622 1955 681 1982 quo
705 1946 900 1983 apostolicam
921 1947 1048 1984 adeptus
1071 1952 1115 1975 est

173 1988 355 2027 dignitatem
366 1988 570 2027 anno(1227.)
581 1988 738 2017 consilium
754 1989 868 2026 cepisse
881 1989 1005 2018 dicitur1
1021 1999 1115 2018 novae

174 2031 371 2060 decretalium
395 2031 588 2068 epistolarum
608 2032 829 2068 compilationis
854 2032 1021 2061 faciendae.
1067 2033 1116 2061 Ad

174 2075 254 2112 quod
275 2074 433 2102 consilium
453 2083 511 2102 non
531 2083 575 2108 ea,
599 2084 690 2111 quam
714 2075 778 2112 ipse
798 2075 827 2103 in
847 2076 933 2103 Bulla
953 2075 1021 2103 Rex
1034 2077 1116 2112 paci-

166 2118 243 2155 ficus
275 2116 398 2154 protulit
431 2126 521 2145 causa
557 2122 723 2145 commotus
761 2118 851 2146 fuisse
883 2118 1032 2146 luculente
1066 2128 1115 2156 ap-

172 2165 271 2198 paret,
299 2177 340 2180 —
369 2159 496 2188 scilicet:
525 2161 653 2188 diversas
677 2162 885 2189 constitutiones
912 2165 938 2189 et
964 2163 1116 2190 decretales

172 2204 306 2241 epistolas
328 2204 578 2240 praedecessorum
603 2225 609 2231 .
629 2225 635 2231 .
655 2225 661 2231 .
684 2204 713 2231 in
737 2205 850 2232 diversa
873 2205 1018 2240 dispersas
1040 2206 1116 2233 volu-

173 2247 262 2280 mina,
286 2256 409 2282 quarum
433 2246 546 2282 aliquae
565 2248 686 2282 propter
708 2247 824 2274 nimiam
844 2247 1068 2281 similitudinem,
1092 2251 1117 2276 et

175 2290 309 2327 quaedam
324 2291 446 2325 propter
465 2290 705 2323 contrarietatem,
730 2290 881 2317 nonnullae
899 2291 980 2317 etiam
994 2294 1116 2327 propter

172 2333 221 2361 sui
234 2333 440 2369 prolixitatem,
460 2331 651 2369 confusionem
668 2333 800 2359 inducere
813 2332 987 2367 videbantur,
1002 2334 1115 2370 aliquae

171 2385 237 2404 vero
260 2375 442 2412 vagabantur
465 2378 552 2402 extra
575 2375 718 2402 volumina
741 2380 833 2411 supra
851 2376 939 2409 dicta,
963 2385 1033 2412 quae
1051 2379 1114 2404 tan-

174 2427 256 2455 quam
293 2419 417 2446 incertae
442 2417 619 2454 srequenter
655 2417 685 2445 in
723 2418 835 2445 iudiciis
870 2418 1042 2446 vatillabanl
1072 2436 1113 2439 —

173 2466 277 2489 contra
322 2459 354 2488 id
399 2459 456 2488 sibi
500 2459 689 2497 proposuisse
733 2460 863 2494 videtur,
907 2466 939 2489 ut
983 2462 1112 2489 Romani

172 2504 362 2542 pontificatus
399 2502 607 2531 auctoritatem
642 2508 882 2540 potestatemque
919 2504 1115 2540 amplificaret

173 2556 277 2575 omnes
301 2545 457 2574 anterioris
481 2545 552 2573 iuris
581 2546 677 2573 fontes
706 2545 735 2573 in
758 2555 850 2574 unum
873 2551 903 2574 et
929 2547 1114 2583 pontificium

173 2590 297 2627 quidem
325 2589 434 2617 librum
464 2588 658 2626 colligendo-2
717 2589 822 2626 Itaque
854 2589 965 2617 sactum
994 2595 1050 2624 est,
1083 2596 1114 2619 ut

171 2634 253 2670 Papa
273 2632 462 2669 capellanum
482 2637 511 2660 et
530 2631 793 2669 poenitentiarium
812 2641 898 2660 suum
912 2631 1113 2668 Raymundum

172 2677 204 2704 de
227 2675 387 2713 Peyiasorte
414 2683 458 2702 ao.
488 2683 521 2703 12
527 2683 575 2711 30.
603 2683 725 2711 operam
754 2674 904 2711 suscipere
933 2674 1054 2709 iuberet,
1084 2681 1113 2704 et

173 2717 371 2747 decretalium
399 2717 508 2745 librum
537 2727 629 2754 parvo
651 2717 793 2754 temporis
821 2717 917 2754 spatio
941 2717 1110 2747 intermisso

172 2761 354 2798 completum
377 2760 453 2788 Non.
477 2761 557 2797 Sept.
582 2769 626 2788 ao,
656 2768 688 2788 12
694 2768 741 2796 34.
766 2760 943 2788 Bononiensi
967 2766 997 2789 et
1023 2761 1111 2789 Pari-

171 2805 261 2832 st'ensz'
276 2802 490 2832 transmitteret
504 2802 754 2837 universitatibus,
774 2812 833 2839 quo
851 2802 979 2831 universi
995 2809 1109 2832 uteren-

170 2852 217 2875 tur
251 2846 281 2874 in
308 2845 417 2874 scholis
445 2851 475 2874 et
502 2846 634 2881 iudiciis,
667 2851 769 2883 aperte
794 2845 945 2881 inhibens,
977 2855 1015 2874 ne
1043 2846 1109 2883 quis

223 2937 242 2959 1)
253 2937 314 2956 loun.
329 2937 424 2957 Amlreas
439 2938 533 2957 Novella
548 2939 570 2957 in
581 2939 671 2958 Decret.
685 2944 719 2962 ap.
730 2938 812 2957 Sclmltc
822 2938 903 2958 Gesch.
919 2938 940 2958 d.
951 2938 1046 2962 Quellen
1061 2940 1107 2958 und

170 2963 262 2983 themt.
273 2964 294 2982 d.
306 2969 354 2982 cau.
366 2964 448 2983 Rechts
458 2965 576 2988 (Stiattgart
586 2965 635 2984 1515
645 2965 701 2988 sqq.)
712 2965 728 2988 1,
739 2965 783 2983 243.

221 2990 242 3012 2)
253 2989 286 3008 Cf.
297 2988 380 3008 Schulte
389 2989 404 3008 l.
415 2995 433 3008 c.
444 2989 472 3013 ΙΙ,
483 2991 495 3009 4
505 2996 551 3014 sqq.

1393 853 1420 869 11.
1462 853 1497 870 DE
1517 853 1700 871 EDITIONIBUS
1721 855 1795 873 LIBRI
1816 857 1852 874 Vl.

1156 902 1174 919 1.
1199 896 1236 919 De
1250 897 1398 920 editionibus
1412 898 1468 921 XV.
1484 899 1580 927 saeculi,
1596 900 1716 928 Romana,
1731 900 1900 931 Bohmeriana,
1920 904 2084 929 Richteriana.

1199 931 1237 954 De
1251 939 1304 954 meo.
1317 932 1432 956 editione.

1152 936 1174 953 εὖ

1449 992 1477 1015 C.
1517 992 1789 1017 CLEMENTINAE.

1279 1039 1294 1056 1.
1336 1039 1372 1056 nE
1390 1040 1496 1057 ixDoLE
1514 1041 1547 1057 ET
1567 1041 1689 1058 RATIONE
1707 1042 1964 1062 CLEMENTINARUM.

1155 1090 1173 1106 1.
1198 1084 1259 1113 Quis
1272 1092 1320 1115 qua
1333 1088 1412 1108 aetate
1425 1085 1561 1109 confecerit.

1153 1124 1175 1141 2.
1199 1118 1414 1147 Quemadmodum
1426 1119 1571 1143 inscribatur
1580 1120 1648 1150 liber,
1658 1122 1783 1152 quomodo
1789 1124 2020 1148 canonesdistributi
2032 1126 2088 1150 sint.

1152 1158 1174 1182 3⁴
1198 1152 1236 1175 Ex
1249 1152 1337 1183 quibus
1351 1152 1457 1176 sontibus
1471 1153 1640 1178 Clementinae
1653 1155 1754 1180 haustae
1767 1157 1822 1181 sint.

1328 1226 1358 1244 II.
1400 1227 1436 1244 DE
1453 1228 1635 1246 EDITIONIBUS
1653 1230 1910 1250 CLEMENTINARUM.

1156 1277 1165 1294 ›-

1171 1290 1176 1294 .
1199 1271 1239 1294 De
1252 1271 1400 1295 editionibus
1413 1277 1469 1296 ante
1482 1281 1562 1297 meam
1576 1276 1730 1306 comparatis.

1151 1311 1174 1329 2.
1198 1306 1237 1329 De
1251 1314 1305 1329 mea
1318 1306 1433 1330 editione.

1204 1374 1236 1397 D.
1276 1374 1324 1397 DE
1344 1375 1694 1401 EXTRAVAGANTIUM
1715 1378 2037 1405 COLLECTIONIBUS.

1156 1431 1175 1449 1.
1199 1426 1332 1455 Quomodo
1345 1434 1450 1450 canones
1463 1428 1585 1451 distributi
1599 1429 1654 1452 sint.

1154 1466 1175 1483 2.
1199 1460 1311 1489 Quonim
1325 1468 1444 1492 paparum
1457 1462 1590 1486 decretales
1604 1464 1628 1486 in
1642 1463 1864 1495 Extravagantibus
1878 1465 2039 1490 inveniantur.

1153 1500 1176 1524 3.
1200 1494 1238 1517 De
1251 1495 1400 1519 editionibus
1414 1496 1641 1527 Extraragantium.

1148 1718 1256 1736 novum
1273 1718 1450 1746 componere
1466 1716 1621 1739 conaretur
1636 1712 1749 1749 absque
1765 1713 1889 1750 speciali
1905 1714 2087 1751 apostolicae

1150 1751 1231 1780 sedis
1250 1751 1380 1780 licentia.

1154 1860 1177 1878 2.
1214 1853 1506 1886 Quemadmodum
1535 1853 1745 1881 inscribatur
1772 1856 1868 1882 liber.

1400 1904 1549 1922 canones
1569 1896 1747 1924 distributi
1767 1899 1844 1925 sint.

1912 1858 2087 1891 Quomodo

1217 1957 1380 1995 Gregorius
1408 1957 1472 1995 ipse
1500 1958 1705 1995 compilationi
1733 1961 1848 1989 nullum
1872 1961 2012 1999 imposuit
2041 1972 2089 1991 no-

1154 2009 1231 2034 meny
1269 2009 1346 2037 quae
1384 2000 1413 2028 in
1455 2001 1609 2030 codicibus
1646 2012 1737 2031 manu
1773 2004 1890 2041 scriptis
1925 2005 2090 2033 Decrelales

1155 2041 1301 2080 Gregorii
1320 2044 1369 2071 IX.
1393 2049 1507 2078 vocata,
1536 2045 1643 2073 eodem
1667 2046 1786 2074 nomine
1815 2047 1905 2075 etiam
1934 2057 2012 2075 nunc
2040 2058 2090 2085 ap-

1151 2086 1288 2122 pellatur.
1342 2087 1448 2114 Forma
1477 2096 1596 2124 quoque
1620 2088 1687 2116 libri
1716 2089 1786 2117 inde
1814 2090 1852 2118 ab
1879 2090 1931 2118 illo
1953 2097 2086 2128 tempore

1153 2134 1266 2157 mutata
1300 2137 1359 2157 non
1395 2134 1439 2157 est
1474 2129 1610 2167 nihilque
1648 2131 1799 2167 additum,
1836 2132 1893 2161 nisi
1929 2142 1966 2161 ex
2004 2134 2088 2161 Inno-

1152 2171 1242 2199 centii
1275 2172 1324 2200 IV.
1357 2172 1549 2209 temporibus,
1582 2173 1633 2210 qui
1665 2184 1733 2203 suas
1766 2180 1795 2203 et
1827 2176 1963 2213 Gregorii
1996 2176 2088 2213 ipsius

1152 2215 1301 2251 quasdam
1325 2214 1467 2252 epistolas
1492 2215 1521 2243 in
1545 2216 1762 2254 Gregorianam
1786 2218 1875 2246 inseri
1904 2219 2087 2256 compilatio-

1151 2266 1220 2285 nem
1241 2257 1350 2292 iussit³‚
1370 2258 1451 2286 nulla
1471 2258 1636 2288 decessoris
1660 2259 1810 2289 interdicti
1833 2261 1948 2289 ratione
1976 2262 2087 2295 habita,

1152 2309 1211 2337 quo
1238 2310 1275 2328 ne
1308 2300 1383 2329 liber
1415 2301 1476 2329 ullo
1508 2302 1598 2330 modo
1630 2308 1793 2332 mutaretur
1820 2304 2004 2332 strictissime
2033 2305 2086 2332 suit

1150 2343 1342 2380 prohibitum.
1361 2360 1402 2363 —

1217 2386 1358 2423 Quinque
1387 2392 1501 2415 constat
1528 2387 1663 2425 partibus
1686 2388 1792 2428 (libris)
1815 2390 1998 2427 compilatio,
2031 2391 2086 2425 185

1150 2428 1252 2463 titulis,
1285 2430 1359 2466 1871
1383 2429 1534 2466 capitulis,
1563 2440 1640 2467 quae
1664 2432 1830 2468 quomodo
1849 2433 2005 2461 distributa
2030 2432 2089 2460 sint

1151 2481 1188 2499 ex
1208 2472 1312 2500 tabula
1332 2471 1408 2500 infra
1427 2472 1537 2510 scripta
1557 2473 1684 2511 intelligi
1703 2476 1824 2512 potest*¹

1201 2580 1226 2605 3.
1263 2572 1308 2597 Ex
1329 2573 1455 2606 quibus
1475 2573 1630 2600 sontibus
1649 2575 1863 2608 Raymundus
1882 2574 2035 2600 hauserit

1540 2624 1698 2643 canones.

1215 2677 1361 2711 Canones,
1389 2687 1463 2714 quos
1491 2678 1639 2716 congessit
1667 2678 1874 2715 Raynumdrm,
1903 2688 1960 2706 non
1994 2678 2090 2707 solum

1148 2728 1185 2747 ex
1222 2729 1368 2757 paparum
1401 2721 1551 2758 excerpsit
1582 2721 1727 2758 epistolis,
1768 2729 1893 2757 quarum
1924 2721 2012 2758 copia
2050 2721 2091 2750 ita

1147 2763 1307 2799 praevalet,
1336 2768 1368 2791 ut
1396 2762 1466 2792 inde
1495 2773 1603 2791 nomen
1632 2763 1707 2791 libro
1739 2763 1820 2791 haud
1849 2763 1955 2792 iniuste
1985 2764 2090 2792 datum

1146 2814 1211 2833 esse
1242 2805 1392 2840 videatur,
1429 2806 1483 2834 sed
1519 2806 1609 2834 etiam
1648 2806 1814 2843 fragmenta
1850 2815 1888 2833 ex
1924 2807 2091 2836 canonibus

1146 2847 1347 2882 conciliorum,
1376 2848 1591 2886 capitularibus
1623 2858 1726 2885 regum
1753 2849 1941 2883 Francorum,
1971 2854 2090 2887 patrum

1194 2940 1213 2961 3)
1225 2940 1257 2959 Cf.
1269 2940 1382 2962 Codieem,
1394 2946 1458 2964 quoni
1469 2947 1482 2959 a
1493 2946 1527 2959 ino
1542 2940 1574 2958 lit.
1586 2940 1604 2959 G
1615 2939 1761 2963 significatum
1776 2945 1824 2959 esso
1839 2940 1897 2960 infru
1910 2941 2004 2965 videbis.
2019 2943 2066 2962 Cod

1142 2965 1269 2989 Regimont.
1280 2972 1316 2984 no.
1329 2967 1391 2987 1760..
1404 2967 1458 2985 0011.
1468 2966 1586 2986 vmtislav.
1597 2971 1632 2984 uo.
1643 2966 1670 2984 ΙΙ.
1681 2966 1705 2984 F.
1716 2967 1747 2985 232¹.
1759 2966 1813 2986 eod.
1824 2968 1922 2986 Berolin.
1933 2968 1970 2987 fol.
1981 2973 2018 2987 uo.
2029 2970 2051 2988 17

1192 2991 1212 3015 4)
1224 2992 1256 3010 (Jt‘.
1268 2992 1311 3011 tab.
1322 2997 1370 3016 pag.
1382 2992 1439 3010 XIX.
