2243 3288
137 270 204 298 1141

140 347 364 383 compescatur4:
387 347 496 374 eisdem
509 349 650 382 episcopis
668 348 794 374 districte
811 348 991 382 iniungimus,
1009 357 1075 382 qua-

138 388 220 410 tenus
233 383 273 409 sic
285 382 358 408 circa
371 382 573 409 correctionem
584 383 749 409 clericorum
759 383 920 408 huiusmodi
929 383 1077 416 vigilanter

138 417 299 449 intendant,
323 421 352 442 et
376 417 526 451 diligenter
551 418 593 443 sui
618 417 702 443 officii
727 417 855 444 debitum
879 422 1076 451 exsequantur,

140 452 216 486 quod
238 451 302 477 et5‘
324 451 410 477 iidem
432 451 524 477 clerici
541 457 619 478 metu
637 460 746 486 poenae
764 461 781 477 a
798 452 855 477 suis
873 456 1021 477 arceantur
1037 452 1075 477 in-

139 486 279 518 solentiis,
303 490 332 511 et
355 486 415 518 alii,
441 494 538 512 eorum
560 487 689 521 exemplo
712 486 861 520 perterriti,
886 486 1015 520 prosilire
1040 487 1076 512 ad

138 520 239 546 similia
251 520 352 546 merito
366 521 576 554 pertimescant.

551 591 624 610 CAP.
639 591 668 609 11.

136 624 201 645 Valet
211 624 302 644 collatio
313 624 424 648 beneficii,
433 625 491 644 facta
501 631 514 644 a
524 625 631 644 collatore
637 625 738 649 quolibet
748 625 804 644 citra
814 625 911 649 legatum
922 626 1075 649 apostolicum,

161 656 207 669 non
221 651 281 669 facta
295 651 410 670 mentione
425 651 452 670 de
467 651 729 696 beueffggffiuquggdffius
744 651 875 675 habebatis,
887 652 922 670 eui
933 652 963 670 xit.
991 652 1019 671 II.
1030 652 1050 670 d.

548 718 663 745 1dern1.

206 762 266 787 Etsi
283 761 319 787 ab
338 761 511 796 apostolicae
529 761 623 788 sedis?
640 762 735 795 legato
754 761 790 787 de
807 761 946 787 beneficio
964 762 1074 788 collatio

135 796 304 822 beneficium
328 796 404 822 aliud
425 796 562 822 obtinenti
584 804 640 821 non
662 796 764 828 valeat,
786 796 839 821 nisi
862 796 898 822 de
920 797 976 829 illo,
1000 797 1075 830 quod

139 830 256 863 obtinet,
270 830 344 856 facta
357 830 441 857 fuerit
452 830 558 857 mentio
573 830 716 864 specialis:
739 830 767 856 in
780 831 840 856 aliis
854 835 948 857 tamen
962 831 1075 865 quibus-

137 865 206 891 libet
227 865 407 892 collationem
429 865 631 892 beneficiorum
655 865 825 891 habentibus
851 865 903 891 hoc
928 866 1075 892 nolumus3

137 899 289 926 observari.

460 979 684 1008 TITULUS
711 980 746 1007 X.

361 1037 418 1062 DE
445 1037 852 1063 PROCURATORIBUS.

549 1106 624 1126 CAP.
638 1107 656 1126 1.

134 1140 177 1163 Qui
187 1141 261 1160 sciens
271 1141 320 1160 sine
330 1141 491 1165 protestatione
501 1142 581 1165 recipit
591 1142 764 1161 instrumentum
773 1142 809 1161 vel
825 1142 900 1160 literas
911 1147 963 1160 suae
973 1147 1076 1165 procura-

133 1167 209 1191 tioniS,
224 1167 304 1191 quibus
319 1168 459 1186 constituens
473 1173 512 1191 pro
527 1168 574 1191 ipso
590 1168 691 1191 cavebat,
702 1173 768 1191 super
782 1168 874 1186 inclusis
889 1168 911 1186 iu
922 1168 1076 1191 procuratorio

335 1193 451 1212 dominum
462 1193 583 1213 defendere
594 1194 687 1218 cogitur.
715 1194 793 1212 Ioann.
804 1194 874 1212 Andr.

273 1235 431 1261 Clemens
450 1235 483 1260 V.
504 1235 536 1261 in
555 1235 703 1261 concilio
723 1235 938 1261 Viennensi&

204 1278 393 1304 Instrumento
413 1278 457 1303 vel
476 1278 572 1311 literis,
592 1278 693 1312 quibus
712 1283 739 1304 te
758 1278 858 1312 aliquis
872 1278 899 1303 in
913 1278 1004 1304 causis
1017 1278 1074 1304 suis

135 1317 349 1346 procuratorem
381 1313 556 1338 constituens
592 1321 643 1346 pro
680 1317 708 1339 te
743 1313 839 1338 debito
873 1312 959 1338 modo
993 1313 1074 1345 cavit,

135 1347 308 1381 simpliciter,
326 1347 403 1372 nulla
419 1347 494 1372 facta
506 1347 720 1380 protestatione,
739 1356 755 1372 a
768 1352 795 1373 te
810 1348 931 1373 scienter
944 1347 1075 1381 receptis,

134 1390 191 1407 non
208 1386 291 1415 potes
310 1386 411 1415 postea
432 1390 563 1407 recusare
581 1381 776 1408 defensionem
799 1382 884 1412 illius;
908 1382 992 1407 immo
1011 1382 1075 1415 cogi

136 1416 243 1450 poteris
262 1417 354 1450 ipsum
372 1415 528 1441 defendere
546 1416 573 1441 in
591 1416 721 1442 omnibus
740 1416 831 1442 causis
849 1421 878 1442 et
890 1416 1021 1449 negotiis,
1038 1416 1075 1441 ad

137 1459 210 1484 quae
228 1450 374 1484 praedicta
386 1450 571 1476 instrumenta
585 1459 635 1476 seu
653 1450 750 1476 literae
763 1459 794 1476 se
808 1450 971 1482 extendunt,
988 1459 1075 1484 quum

136 1493 188 1519 per
201 1485 305 1511 haec2*
318 1485 355 1510 ad
369 1485 462 1510 onmia
475 1489 553 1510 tuum
566 1485 741 1519 praestitisse
754 1485 874 1511 videaris
888 1493 1045 1511 assensum.

544 1555 617 1574 CAP.
633 1555 661 1574 11.

132 1589 274 1610 Procurator.
290 1589 375 1608 habens
390 1589 519 1608 mandatum
534 1589 625 1608 iurandi
641 1590 663 1608 et
677 1589 753 1608 onmia
767 1589 873 1613 faciendi,
887 1595 944 1613 quae
958 1589 1076 1613 requirunt

132 1615 230 1639 speciale
249 1615 386 1639 mandatum,
407 1617 486 1634 contra
504 1616 600 1634 electum
620 1616 655 1634 vel
673 1616 786 1639 provisum
807 1621 919 1640 opponere
938 1621 983 1635 nen
1002 1618 1076 1640 potest

381 1642 476 1660 crimina
485 1641 521 1660 vel
532 1641 640 1661 defectus.
667 1642 746 1660 Ioann.
757 1641 827 1660 Andr.

553 1683 654 1710 Idem.

203 1727 265 1752 Non
279 1730 373 1760 potest
384 1731 556 1760 procurator,
567 1727 603 1752 ad
614 1726 756 1760 agendum
765 1727 844 1752 vell*
855 1726 1075 1759 defendendum,

133 1760 338 1794 iurandumque
349 1761 385 1787 de
396 1761 534 1787 calumnia
543 1766 570 1787 et
581 1761 716 1787 veritatez’
727 1761 855 1793 dicenda,
865 1765 894 1787 et
907 1762 1076 1795 generaliter

133 1795 170 1821 ad
190 1795 318 1821 omnia5*
337 1796 400 1828 alia,
417 1804 489 1830 quae
509 1796 632 1830 speciale
650 1795 815 1822 mandatum
835 1795 959 1830 exigunt,
975 1796 1074 1822 consti-

183 1901 236 1919 Tit.
252 1901 289 1919 IX.
318 1900 379 1923 Cap.
394 1901 412 1919 Ι.
439 1900 460 1923 4)
471 1902 652 1924 compescantur:
666 1899 717 1919 AFG
769 1900 790 1923 5)
801 1902 833 1920 et:
847 1900 916 1919 deest:
931 1899 992 1919 codd.
1004 1900 1048 1919 coll.

184 1927 245 1950 Cap.
261 1927 289 1945 11.
318 1926 337 1948 1)
348 1925 411 1945 (ΠΜ..-
421 1926 443 1945 in
455 1927 545 1945 eodem:
560 1925 603 1948 ΑΗ,
619 1926 689 1946 Clem.
700 1927 726 1946 V.
737 1926 760 1945 in
772 1926 840 1946 Cone.
852 1927 927 1947 Vien.:
942 1926 960 1945 I)
992 1927 1012 1950 2)
1023 1932 1074 1950 apo-

133 1952 212 1971 stolica
222 1952 286 1971 sede:
302 1951 339 1971 BF
388 1952 408 1975 3)
419 1953 533 1971 volumus:
548 1951 584 1971 AB

183 1978 236 1997 Tit.
251 1979 277 1997 X.
306 1978 366 2002 Cap.
381 1978 398 1996 1.
426 1979 446 2001 1)
458 1978 531 1998 Idem:
546 1978 574 2001 A‚·
588 1979 666 1997 inscia:
680 1978 749 1998 deest:
764 1977 827 1998 CEFG'
854 1978 875 2002 12)
885 1978 939 1997 hoc:
954 1977 1014 1997 codd.
1025 1977 1072 1997 coll.

493 270 819 297 CLEMENTINARUM
836 270 904 297 LIB.
922 271 942 297 1.
961 270 1031 296 TIT.
1050 270 1086 297 X.
1104 271 1152 297 xl.
1170 271 1221 297 DE
1240 271 1517 298 RESTITUTIONE
1535 274 1589 298 etc.
1608 279 1631 298 c.
1651 280 1696 297 un.

1985 271 2051 298 1142

1112 354 1197 381 tutus,
1211 349 1263 375 nisi
1276 350 1352 375 aliud
1370 357 1454 383 super
1470 350 1524 375 hoc
1538 350 1563 375 in
1577 349 1717 375 mandatis
1735 349 1849 381 habeat,
1865 357 2009 383 opponere
2023 349 2049 375 in

1112 392 1262 418 personam
1273 384 1354 410 electi
1366 384 1433 410 seu4
1443 384 1512 416 eius,
1523 384 1566 410 cui
1580 389 1622 410 est
1635 384 1758 418 provisio
1769 384 1898 410 facienda
1908 384 1952 409 vel
1966 384 2048 417 facta,

1112 418 1225 444 crimina
1247 419 1291 444 vel
1314 418 1451 450 defectus,
1466 427 1552 452 quum
1574 419 1626 444 sub
1648 419 1833 452 generalitate
1852 419 1898 444 tali
1920 418 2049 451 graviora

1112 461 1167 478 non
1183 453 1297 479 veniant
1315 453 1359 479 vel
1377 453 1492 486 maiora,
1507 462 1592 487 quam
1610 454 1638 479 in
1655 454 1718 487 ipso
1730 453 1921 488 procuratorio
1935 453 1989 478 sint
2003 461 2048 479 ex-

1112 495 1218 521 pressa.

1516 540 1588 559 CAP.
1604 541 1642 559 m.

1112 574 1238 598 Religiosus
1257 574 1324 593 etiam
1343 580 1382 598 pro
1402 574 1558 599 com-eligium,
1578 575 1621 593 nisi
1640 580 1679 598 pro
1698 576 1802 593 consorte
1821 574 1920 594 eiusdem
1936 575 1988 598 litis,
2004 580 2049 593 non

1112 602 1184 624 potest
1198 603 1329 624 procurator
1342 601 1448 619 constitui
1463 601 1511 619 sine
1526 600 1618 619 lieentia
1632 601 1761 625 superioris,
1775 606 1817 619 nec
1832 601 1898 620 etiam
1913 600 1981 619 alium
1998 606 2049 620 con-

1155 626 1247 645 stituere
1257 632 1299 645 nee
1309 626 1450 651 substituere,
1462 626 1514 645 licet
1524 626 1566 645 hoc
1577 627 1657 645 habeat
1668 627 1691 645 in
1701 627 1819 645 mundatis.
1847 627 1925 646 Ioaun.
1936 626 2006 645 Andr.

1531 676 1631 702 Idem.

1180 720 1339 753 Religiosus
1354 724 1526 753 procurator,
1537 719 1606 745 etsil
1620 727 1671 753 per
1680 720 1764 745 alium
1777 720 1939 754 religiosum
1953 721 1994 746 sui
2004 721 2049 747 vel

1111 754 1225 780 alterius
1238 754 1399 779 monasterii
1413 754 1514 780 suerit2
1532 754 1708 786 constitutus,
1722 754 1793 780 sicut
1810 763 1865 780 non
1882 760 1977 789 potest
1990 755 2050 781 sine

1111 789 1152 814 sui
1172 788 1323 822 superioris
1341 788 1453 814 licentia
1470 788 1674 822 procurationis
1692 788 1814 814 officium
1831 790 1983 824 suscipere,
1996 790 2049 815 nisi

1111 832 1161 857 pro
1176 831 1226 848 suo
1238 823 1264 848 in
1275 823 1376 848 eadem
1385 823 1432 848 lite
1443 827 1585 848 consorte:
1600 823 1639 848 ita
1648 831 1704 848 non
1718 828 1811 856 potest
1821 824 1906 849 alium
1918 833 2048 858 procura-

1113 862 1202 883 torem
1216 857 1387 883 constituere
1398 865 1447 883 seu
1458 857 1638 889 substituere,
1649 857 1758 883 etiamsi
1772 867 1823 892 per
1833 859 2048 885 constituentem

1110 892 1164 918 hoc
1177 892 1229 917 sibi
1244 900 1376 925 expresse
1390 891 1472 918 fuerit
1485 891 1675 917 commissum.

1520 961 1593 980 CAP.
1608 961 1646 981 IV.

1110 996 1154 1015 Per
1173 996 1258 1015 obitum
1278 996 1372 1015 rectoris
1391 995 1500 1014 ecclesiae
1520 997 1638 1014 revocatur
1656 997 1793 1020 procurator,
1812 997 1839 1015 ab
1856 1002 1882 1016 eo
1902 1002 1941 1021 pro
1956 997 2051 1016 ecclesia

1303 1022 1444 1046 constitutus,
1456 1022 1522 1040 etiam
1534 1022 1607 1046 quoad
1618 1022 1708 1046 negotia
1718 1022 1762 1041 iam
1773 1024 1857 1046 coepta.

1530 1071 1631 1098 Idem.

1179 1116 1400 1147 Procuratorem,
1414 1123 1431 1140 a
1443 1115 1579 1148 praelato,
1592 1119 1702 1141 rectore
1720 1115 1764 1141 vel
1781 1115 1836 1141 alio
1854 1115 1979 1149 quolibet
1996 1124 2047 1150 pro

1111 1150 1232 1176 ecclesia
1248 1158 1299 1176 sua
1316 1150 1360 1175 vel
1381 1149 1519 1175 beneficio
1538 1150 1730 1181 constitutum,
1748 1158 1799 1183 per
1815 1155 1933 1176 mortem
1947 1151 2048 1176 consti-

1112 1184 1214 1210 tuentis
1228 1184 1353 1210 revocari
1367 1192 1513 1209 censemus
1527 1183 1613 1209 etiam
1626 1184 1720 1218 quoad
1733 1185 1848 1217 negotia
1860 1185 1915 1210 iam
1928 1185 2048 1218 incepta,

1112 1223 1140 1245 et
1153 1227 1262 1250 causas,
1276 1219 1304 1244 in
1317 1218 1418 1252 quibus
1436 1226 1487 1252 per
1499 1218 1592 1252 ipsum
1605 1218 1638 1244 lis
1652 1219 1734 1245 fuerit
1746 1223 1811 1245 ante
1824 1224 1943 1246 mortem
1956 1220 2049 1245 huius-

1111 1253 1187 1279 modi
1202 1257 1367 1279 contestata.

1428 1341 1652 1370 TITULUS
1679 1342 1729 1370 XI.

1213 1399 1268 1425 DE
1291 1399 1616 1426 RESTITUTIONE
1639 1400 1681 1425 IN
1704 1400 1947 1427 INTEGRUM.

1510 1469 1583 1489 CAP.
1599 1470 1651 1489 UN.

1110 1503 1218 1528 Ecclesia,
1229 1504 1327 1528 probans
1341 1510 1365 1523 se
1379 1503 1462 1523 laesam
1476 1509 1516 1528 per
1530 1504 1616 1528 lapsum
1631 1504 1746 1528 temporis,
1757 1504 1785 1523 ad
1795 1504 1851 1523 illud
1866 1506 1953 1529 tempus
1963 1506 2049 1524 tantum

1244 1530 1375 1553 restituitur,
1387 1532 1409 1549 et
1419 1530 1478 1549 infra
1488 1530 1661 1554 quadriennium
1671 1536 1684 1549 a.
1694 1531 1794 1554 tempore
1804 1531 1917 1550 laesionis.

1248 1580 1404 1606 Clemens
1423 1581 1458 1606 V.
1477 1580 1508 1606 in
1527 1580 1675 1606 concilio
1694 1581 1907 1607 Viennensil.

1179 1623 1223 1648 Ab
1237 1623 1357 1649 ecclesia
1369 1623 1504 1649 adversus
1518 1623 1628 1657 lapsum
1639 1624 1783 1657 temporis,
1794 1623 1821 1649 in
1833 1632 1888 1658 quo
1899 1632 1930 1650 se
1943 1624 2048 1650 laesam

1110 1657 1240 1689 affirmat,
1254 1658 1281 1683 in
1294 1658 1434 1690 integrum
1451 1658 1590 1684 restitutio
1625 1658 1663 1684 eti
1680 1662 1784 1692 potest,
1798 1663 1826 1684 et
1839 1667 1924 1684 causa
1938 1659 2049 1685 restitu—

1110 1692 1193 1718 tionis
1207 1692 1365 1717 huiusmodi
1381 1692 1450 1718 finiri
1464 1692 1549 1718 debet
1567 1693 1595 1717 in
1609 1701 1639 1718 ra
1657 1692 1869 1726 quadriennium
1888 1694 2049 1719 continuum

1110 1736 1127 1752 a
1148 1732 1276 1760 tempore
1303 1727 1449 1758 laesionis,
1475 1727 1585 1752 etiamsi
1610 1727 1700 1752 minus
1730 1727 1912 1760 quadriennio
1938 1732 2049 1762 tempus

1110 1761 1241 1787 laesionis
1260 1761 1384 1787 exsistat.
1422 1761 1478 1787 Sed
1496 1770 1552 1787 non
1570 1761 1634 1787 fietz’
1652 1762 1800 1794 restitutio,
1816 1762 1868 1788 nisi
1886 1762 1923 1788 ad
1941 1767 2048 1788 tantum

1111 1800 1232 1830 tempus,
1247 1800 1381 1830 quantum
1395 1804 1426 1822 se
1439 1796 1545 1822 laesam
1559 1796 1618 1822 fore
1632 1796 1771 1830 probabit.

1109 1925 1130 1950 4)
1163 1900 1268 1945 (sapi-Eg.
1298 1900 1317 1924 i)
1328 1901 1361 1919 et:
1375 1899 1436 1919 Codcl.
1447 1900 1492 1920 coll.
1525 1899 1545 1924 2)
1557 1901 1584 1920 sle
1594 1906 1653 1920 ven:
1668 1900 1705 1919 BF
1730 1900 1750 1924 3)
1762 1906 1834 1920 omn-2
1849 1901 1917 1920 deest:
1931 1900 2052 1921 ABCDEFG

1141 1932 1168 1946 VO
1183 1931 1188 1944 :

1162 1952 1224 1976 Cap.
1240 1952 1280 1971 111.
1308 1952 1328 1975 1)
1339 1953 1439 1971 etiamsi:
1453 1951 1555 1971 RODEFG
1605 1951 1705 1975 2)fi1er.:
1720 1952 1787 1972 deest:
1801 1952 1855 1971 BDG

1160 1978 1212 1997 Tit.
1224 1978 1261 1997 XI.
1273 1978 1334 2002 Cap.
1346 1984 1382 1997 uu.
1394 1978 1414 2002 1)
1420 1979 1443 1997 in
1450 1979 1571 1998 C.Vienu.:
1581 1978 1700 2001 tlccst.*EF,·
1710 1979 1787 1998 111511..-
1797 1978 1886 1998 densi-’A
1913 1979 1933 2003 2)
1940 1978 2051 1998 fiat:.1EH

892 2081 1004 2101 PINIS
1031 2081 1147 2100 LIBRI
1173 2081 1299 2100 PRIMI.
