2243 3288
148 260 214 286 1065

149 337 240 363 clerici
251 335 390 375 perpetui,
400 340 576 370 nequeuntes
587 336 622 362 ab
634 336 702 370 ipsis
713 335 822 370 absque
834 343 919 361 causa
928 335 1086 362 rationabili

148 379 281 398 amoveri.

561 440 634 459 CAP.
649 440 678 459 11.

146 474 360 494 Excommunieatus
374 475 407 493 est
425 474 473 498 ipso
489 474 547 493 facto
567 475 692 498 religiosus,
710 475 828 498 professus,
849 474 949 493 habitum
968 474 1087 493 temerarie

147 501 268 524 dimittens,
283 500 319 519 vel
333 500 361 519 ad
376 505 522 524 quaecuuque
536 501 610 519 studia
624 501 741 523 accedens,
757 506 801 519 non
813 500 905 519 obtenta
919 500 1011 519 licentia
1025 506 1086 523 prau-

145 527 186 545 lati
200 528 222 544 et
236 527 366 545 conventus
394 526 511 549 Doctoresv
531 527 630 545 scienter
644 527 757 549 docentes,
776 526 812 545 vel
831 526 855 544 in
868 525 950 544 scholis
966 527 1087 545 retinentes

145 552 173 572 ad
196 552 256 576 leges
279 552 315 571 vel
337 552 452 576 physicam
476 552 532 571 tales
552 553 679 576 religiosos,
703 552 807 570 similiter
831 552 1086 571 excommunicationem

435 578 562 597 incurrunt.
590 579 618 597 Η.
628 579 649 597 d.
660 578 801 597 Dominicus.

558 637 678 663 Idemss.

215 679 254 705 Ut
271 679 430 713 periculosa
446 680 585 713 religiosis
606 679 745 713 evagandi
763 680 880 706 materia
898 679 1086 712 subtrahatur,

147 713 299 739 districtius
314 713 483 746 inhibemus,
496 723 532 740 ne
550 714 586 740 de
600 718 694 740 cetero
707 714 819 748 aliquis,
834 722 1031 748 quamcunque
1044 723 1086 740 re-

146 748 281 781 ligionem
302 748 386 774 tacite
403 749 447 774 vel
470 757 605 782 expresse
623 748 778 783 professus,
793 749 821 774 in
838 749 941 774 scholis
959 749 1003 774 vel
1021 749 1086 774 alibi

146 787 253 808 temere
275 782 403 808 habitum
424 783 567 816 religionis
590 791 658 809 suae
681 783 812 815 dimittat,
834 791 886 808 nec
908 783 1025 809 accedat
1050 783 1087 808 ad

148 817 265 851 quaevis
288 817 381 842 studia
402 817 554 850 literarum,
572 818 625 843 nisi
642 826 659 843 a
672 826 722 843 suo
744 818 870 851 praelato
889 826 952 842 cum
970 818 1086 843 consilio

146 851 188 877 sui
202 856 356 877 conventus
374 852 418 877 vel
436 852 548 878 maioris
567 852 653 886 partis
672 852 799 878 eiusdem
817 852 869 877 sibi
883 852 966 878 eundi
980 852 1016 877 ad
1030 856 1086 877 stu-

147 885 225 911 dium
242 885 354 911 licentia
376 886 504 919 primitus
521 887 557 912 sit
575 894 719 912 concessa.
757 886 785 912 Si
800 887 860 920 quis
879 891 974 912 autem
987 887 1087 912 horum

147 920 312 946 temerarius
334 920 455 946 violator
477 921 625 947 exstiterit:
649 921 943 947 excommunicationis
966 921 1086 946 incurrat

146 954 316 980 sententiam
333 954 395 989 ipso
414 955 497 981 facto.
534 956 673 982 Doctores
688 964 802 990 quoque
817 955 876 982 sive
889 956 1024 989 magistri,
1039 956 1086 990 qui

145 1060 201 1083 silio
222 1060 410 1091 interloquendo
431 1060 595 1089 declaramus,
624 1061 691 1091 quod
713 1061 760 1089 illi,
786 1061 828 1092 qui
850 1060 940 1084 habent
963 1061 1086 1092 simplices

147 1102 216 1118 curas
237 1095 385 1122 animarum,
411 1103 460 1118 non
482 1098 595 1119 tenentur
617 1095 659 1118 illa
680 1095 854 1118 constitutione
872 1096 957 1127 Super
973 1094 1086 1127 specula,

146 1137 262 1152 vocamus
291 1133 372 1153 autem
401 1130 524 1161 simplices
549 1138 618 1153 curas
642 1130 757 1153 ecclesias
786 1129 949 1161 parochiales,
982 1130 1028 1153 nisi
1056 1130 1085 1153 sit

145 1164 268 1195 plebania.

197 1274 251 1294 Tit.
265 1275 346 1295 XXIV.
374 1275 436 1300 Cap.
451 1275 480 1295 Π.
508 1275 528 1301 1)
538 1275 622 1301 legem:
638 1275 671 1295 ΟΕ
695 1274 716 1300 2)
727 1274 789 1295 αᾱιί..·
804 1276 1056 1296 excommunicationis:
1071 1274 1088 1294 A

461 258 568 284 SEXTI
586 258 796 284 DECRETAL.
815 257 881 283 Llss.
901 258 946 283 IV.
966 258 1036 284 TIT.
1056 259 1075 284 1.
1095 259 1126 285 ΙΙ.
1146 258 1197 284 DE
1216 258 1525 285 DESPONSATIONE
1546 259 1616 285 IMP.
1636 266 1659 284 e.
1682 266 1702 283 1.
1723 266 1746 284 2.

1993 257 2061 283 1066

1121 336 1277 370 religiosos,
1288 336 1384 362 habitu
1395 344 1446 362 suo
1457 336 1582 368 dimisso,
1591 336 1670 369 leges
1678 336 1687 353 1
1699 335 1743 361 vel
1755 335 1899 370 physicam
1911 334 2059 361 audientes

1122 371 1242 397 scienter
1255 371 1367 403 docere,
1381 376 1428 397 aut
1446 371 1473 397 in
1486 371 1589 396 scholis
1603 371 1660 396 suis
1675 369 1916 404 praesumpserint
1930 369 2060 402 retinere,

1122 405 1204 431 simili
1218 414 1252 432 eo
1266 405 1327 440 ipso
1342 406 1396 431 sint
1409 406 1548 432 sententia
1561 405 1696 431 innodati.

1528 475 1600 495 CAP.
1615 475 1655 494 ΠΙ.

1123 509 1229 531 Clericus.
1246 510 1268 528 in
1283 509 1333 528 loro
1347 509 1477 533 temporalis
1491 509 1652 528 iurisdictionis
1666 514 1718 528 suno
1733 514 1799 533 super
1809 508 1890 528 delicto
1901 508 1933 527 ibi
1944 508 2063 527 commisso

1123 535 1235 559 delegansr
1243 537 1266 554 ut
1275 536 1371 554 veritato
1382 536 1487 559 inquisita
1497 536 1604 554 iustitiam
1616 537 1756 559 exsequatur,
1768 534 1896 559 irregularis
1907 540 1951 553 non
1961 535 2064 559 efficitur,

1304 561 1357 580 licet
1367 567 1439 585 poena
1448 562 1563 585 sanguinis
1574 561 1688 580 inferatur.
1716 562 1744 580 Π.
1756 561 1776 580 (l.
1788 561 1878 580 Domin.

1544 602 1644 628 Idem.

1190 646 1348 680 Episcopus
1367 654 1417 672 seu
1436 645 1611 679 quicunquel
1629 645 1699 670 alius
1718 644 1858 679 praelatus
1877 644 1922 670 vel
1935 644 2061 676 clericus,

1124 680 1344 706 iurisdictionem
1367 680 1496 706 obtinens
1520 680 1714 713 temporalem,
1732 680 1754 705 si
1773 679 1923 705 homicidio
1941 684 1989 704 aut
2007 679 2062 704 alio

1122 714 1269 747 maleficio,
1279 715 1314 740 ab
1329 715 1469 748 aliquibus
1483 714 1511 739 in
1521 714 1713 739 iurisdictione
1724 722 1774 739 sua
1787 714 1948 745 commi550‚
1958 713 2061 739 ballivo

1123 758 1173 775 suo
1191 753 1238 774 aut
1255 749 1301 774 alii
1320 749 1476 782 cuicunque
1495 749 1630 781 iniungat,
1643 753 1673 773 ut
1691 756 1775 782 super
1793 748 1846 773 hoc
1861 748 2009 774 veritatem
2023 748 2062 773 in-

1123 783 1236 817 quirens
1250 783 1370 809 iustitiae
1384 783 1510 809 debiturn
1521 787 1700 816 exsequatur,
1711 783 1869 815 irregularis
1883 782 1992 808 censeri
2006 790 2062 807 non

1123 818 1218 849 debet,
1230 818 1357 851 quamvis
1368 817 1429 851 ipse
1440 817 1558 843 ballivus
1568 817 1614 842 vel
1626 817 1696 842 alius
1708 822 1804 842 contra
1817 816 2014 842 malefactores
2026 816 2062 842 ad

1122 860 1245 886 poenam
1258 852 1401 885 sanguinis
1418 851 1588 886 processerit
1606 851 1710 876 iustitia
1723 851 1874 877 mediante.
1910 851 1982 876 Nam
1996 850 2063 876 licet

1123 886 1229 912 clericis
1241 895 1339 912 causas
1351 886 1494 920 sanguinis
1505 886 1611 919 agitare
1624 893 1681 910 non
1694 885 1788 911 liceat:
1803 894 1850 911 eas
1862 890 1964 917 tamen,
1976 893 2063 919 quum

1123 920 1344 946 iurisdictionem
1368 920 1512 946 obtinent²
1542 920 1736 953 temporalem,
1762 919 1867 946 debent
1891 924 1919 946 et
1943 924 2063 954 possunt

1122 959 1200 982 metu
1213 955 1424 989 irregularitatis
1439 959 1567 981 cessante
1580 954 1641 980 aliis
1656 954 1798 988 delegare.

1121 1061 1229 1085 diversas
1246 1060 1364 1092 capellas,
1390 1060 1414 1083 in
1432 1059 1520 1091 quibus
1537 1062 1592 1083 sunt
1610 1059 1692 1083 clerici
1709 1059 1827 1082 habentes
1844 1058 1881 1082 ius
1898 1059 1923 1082 in
1941 1058 1988 1082 illis
2005 1066 2062 1090 cap-

1121 1096 1200 1127 pellis,
1217 1099 1239 1119 et
1254 1096 1294 1127 qui
1308 1103 1357 1119 non
1371 1098 1472 1126 possunt
1485 1094 1517 1117 ab
1530 1094 1578 1117 illis
1591 1094 1643 1117 sine
1653 1102 1696 1117 sua
1709 1094 1782 1125 culpa
1794 1094 1920 1117 removeri.

1192 1130 1261 1161 Cap.
1284 1130 1319 1153 ΙΙ.
1370 1128 1394 1161 a)
1413 1133 1491 1152 tracta
1514 1128 1559 1152 fuit
1583 1129 1614 1152 de
1639 1132 1743 1152 extrav.:
1771 1128 1880 1152 Gravis
1904 1131 1931 1152 et
1956 1127 2062 1152 dolore

321 1164 466 1188 Flebaniam
494 1164 654 1196 intelligimus
678 1165 807 1188 ecclesiam
834 1164 968 1188 habentem
992 1164 1037 1188 sub
1062 1172 1087 1188 se
1123 1173 1181 1189 non
1194 1163 1389 1189 vacua:Ioan.
1403 1162 1485 1188 Andr.

1176 1275 1238 1300 Cap.
1253 1275 1293 1294 HI.
1321 1274 1341 1300 1)
1351 1274 1457 1300 quilibet:
1471 1273 1488 1294 A
1540 1273 1561 1299 2)
1571 1273 1699 1294 obtineant:
1714 1272 1740 1292 D.

887 1378 998 1400 FINIS
1025 1379 1140 1399 LIBRI
1166 1378 1322 1398 TERTII.

431 1740 790 1793 SE><TI

726 1876 981 1921 LIBER

479 2017 704 2046 TITULUS
731 2018 754 2046 I.

236 2075 292 2101 DE
311 2075 603 2102 SPONSALIBUS
621 2076 675 2101 ET
694 2075 992 2102 MATRIMONIIS.

545 2144 618 2164 CAP.
634 2145 687 2165 UN.

145 2180 264 2205 sponsalia
282 2186 338 2204 pura
356 2181 378 2199 et
396 2181 464 2203 certa,
484 2185 511 2199 ex
529 2185 640 2199 consensu
658 2180 740 2203 valida,
761 2180 813 2199 lieet
827 2179 883 2198 alias
898 2179 961 2198 nulla.
978 2179 1087 2199 inducunt

144 2207 257 2231 publicum
272 2206 418 2229 honestatem,
438 2211 495 2229 quae
510 2206 577 2225 habet
591 2206 697 2225 dirimere
712 2206 829 2230 sequentia
843 2205 963 2229 sponsalia,
982 2206 1021 2224 sed
1041 2211 1086 2224 non

145 2233 311 2258 praecedentia.
326 2243 349 2245 —
364 2234 382 2253 ἓ.
398 2234 416 2251 1.
434 2232 552 2251 Publicam
572 2232 712 2251 honestatem
726 2238 771 2251 non
785 2232 895 2250 inducunt
908 2232 1021 2255 sponsalia
1035 2237 1087 2251 con·

261 2258 379 2277 ditionalia
387 2260 439 2277 ante
450 2258 587 2277 conditionis
597 2260 710 2277 eventum.
738 2258 766 2277 Η.
777 2258 798 2276 d.
808 2258 886 2276 Ioann.
896 2257 966 2276 Andr.

474 2299 672 2325 Bonifacius
691 2300 761 2325 VIII.

214 2344 255 2369 Ex
270 2343 448 2377 sponsalibus
464 2342 540 2377 puris
554 2347 581 2369 et
595 2342 687 2375 certis,
701 2342 810 2369 etiamsi
824 2341 1085 2375 consanguinitatis,

146 2378 299 2410 affinitatis,
313 2377 483 2411 frigiditatis,
497 2377 640 2411 religionis
658 2382 705 2403 aut
722 2377 776 2403 alia
794 2377 892 2411 quavis
910 2377 1017 2402 ratione
1031 2376 1086 2402 sint

145 2413 230 2445 nulla,
244 2412 397 2438 dummodo
415 2420 471 2437 non
489 2412 544 2437 sint
562 2412 637 2437 nulla
650 2420 684 2438 ex
697 2412 809 2438 defectu
823 2419 986 2443 consensus,
1000 2411 1086 2436 oritur

146 2448 247 2474 efficax
260 2447 296 2473 ad
310 2446 522 2480 impediendum
535 2450 563 2472 et
581 2446 769 2472 dirimendum
783 2446 931 2479 sequentia
944 2446 1086 2479 sponsalia

146 2483 190 2509 vel
208 2481 394 2513 matrimonia,
407 2489 463 2506 non
481 2485 576 2506 autem
593 2480 629 2506 ad
647 2480 846 2514 praecedentia
864 2479 1084 2512 dissolvendum,

146 2517 380 2551 impedimentum
394 2515 515 2541 iustitiae
529 2515 659 2554 publicae
672 2515 839 2541 honestatis.
865 2515 957 2548 Quare
971 2514 1026 2546 ille,
1038 2515 1085 2548 qui

147 2551 289 2586 sponsalia
298 2559 367 2584 pure
378 2559 410 2576 ac
421 2550 606 2576 determinate
617 2558 680 2575 curn
691 2549 784 2583 aliqua
794 2549 910 2575 muliere
921 2548 1084 2581 contraxitl,

146 2592 175 2613 et
188 2585 370 2621 postmodum
381 2593 444 2610 cum
455 2584 578 2610 secunda
591 2584 691 2618 prioris
702 2583 911 2617 consanguinea
922 2583 997 2609 idem
1010 2583 1085 2615 fecit,

146 2629 180 2647 ex
194 2621 317 2655 priorum
331 2619 537 2653 sponsaliorum
553 2619 659 2652 vigore,
674 2618 776 2652 quibus
794 2626 844 2652 per
857 2617 986 2651 publicae
999 2617 1085 2643 hone-

147 2655 227 2681 statis
242 2655 374 2680 iustitiam
388 2662 421 2680 ex
435 2653 566 2680 secundis
582 2653 760 2687 sponsalibus
779 2653 959 2678 subsecutam
972 2651 1085 2678 minime

147 2690 308 2723 derogatur,
326 2688 363 2714 ad
381 2688 587 2714 matrimonium
609 2687 830 2713 contrahendum
848 2695 912 2712 cum
933 2686 1023 2720 prima
1044 2694 1084 2712 re-

146 2728 242 2751 manet
255 2724 406 2757 obligatus.
441 2722 462 2757 §.
479 2731 501 2748 1.
530 2722 579 2748 Ille
597 2730 673 2755 vero,
687 2722 734 2756 qui
752 2721 896 2756 sponsalia
913 2729 976 2747 cum
992 2720 1086 2755 aliqua

147 2759 264 2786 muliere
277 2758 329 2785 sub
343 2757 504 2784 conditione
518 2756 662 2790 contraxit,
676 2756 700 2783 si
718 2756 899 2791 postmodum
912 2759 977 2782 ante
991 2755 1085 2782 condi-

216 2865 278 2888 Lib.
297 2864 343 2888 IV.
365 2864 422 2887 Tit.
440 2863 475 2887 11.
497 2863 567 2894 Cap.
585 2862 606 2885 1.

148 2898 240 2924 creialz'
250 2899 340 2924 Immo.
356 2899 413 2928 IV„

657 2860 681 2892 a)
701 2860 796 2885 Tracta
814 2867 868 2884 esse
885 2859 982 2884 videtur
1000 2867 1030 2884 ex
1046 2859 1087 2884 ‹Ie-

879 1738 1768 1794 DEMJRE33AL11JM

1053 1873 1492 1932 QUARTUS

1123 2015 1206 2041 tionis
1228 2018 1362 2041 eventum
1381 2022 1444 2040 cum
1465 2013 1529 2046 alia,
1550 2013 1650 2048 prioris
1672 2012 1893 2046 consanguinea,
1910 2019 1961 2046 per
1977 2011 2064 2038 verba

1123 2049 1308 2076 contraxerit2
1326 2049 1362 2075 de
1379 2048 1531 2083 praesenti,
1549 2056 1612 2073 cum
1631 2047 1756 2074 secunda
1773 2055 1920 2073 remanere
1938 2046 2063 2078 debebit,

1123 2093 1210 2118 quum
1227 2092 1261 2110 ex
1278 2083 1457 2118 sponsalibus
1476 2082 1712 2108 conditionalibus
1727 2086 1792 2107 ante
1809 2081 1999 2107 conditionem
2018 2089 2062 2107 ex-

1123 2123 1253 2150 stantem,
1268 2118 1349 2144 sicuti
1367 2125 1536 2143 consensum
1554 2124 1611 2142 non
1628 2116 1798 2142 habentibus
1812 2120 1841 2142 et
1854 2115 1976 2148 incertis,
1989 2115 2063 2141 nulla

1122 2153 1252 2188 publicae
1264 2152 1419 2179 honestatis
1434 2152 1539 2178 iustitia
1553 2151 1666 2177 oriatur.

1444 2239 1671 2269 TITULUS
1697 2239 1734 2268 Π.

1223 2298 1279 2324 DE
1302 2298 1664 2324 DESPONSATIONE
1688 2296 1956 2324 IMPUBERUM.

1523 2367 1596 2387 CAP.
1610 2368 1663 2387 UN.

1121 2403 1240 2427 Sponsalia
1253 2403 1371 2422 amborum
1386 2403 1512 2425 infantium,
1532 2403 1569 2422 vel
1583 2402 1675 2422 alterius
1689 2404 1784 2425 tautum,
1803 2407 1843 2426 per
1857 2401 2062 2425 supervenientiam

1120 2430 1212 2448 maioris
1227 2430 1307 2448 aetatis
1321 2435 1366 2448 non
1385 2429 1514 2448 validantur
1533 2434 1575 2447 noe
1594 2428 1707 2452 publicam
1726 2429 1865 2447 honestatem
1885 2426 2001 2450 inducunt,
2020 2427 2063 2445 nisi

1120 2456 1205 2474 fuerint
1223 2455 1333 2474 ratifienta
1350 2455 1418 2474 tacite
1436 2455 1472 2474 vel
1490 2460 1602 2478 expresse.
1630 2455 1658 2473 H.
1675 2454 1696 2472 tl.
1715 2459 1784 2478 usque
1799 2454 1826 2472 ad
1841 2456 1860 2475 §-
1887 2453 1948 2471 Idem
1967 2457 2062 2476 quoque.

1120 2481 1211 2500 Domiu.
1219 2491 1240 2494 ἡ
1248 2482 1267 2503 ξ.
1279 2483 1297 2500 1.
1308 2481 1433 2505 Sponsnlia,
1444 2486 1483 2504 per
1492 2481 1562 2499 verba
1572 2480 1599 2499 de
1610 2481 1720 2504 praesenti
1731 2481 1845 2498 contracta
1856 2479 1915 2497 inter
1924 2478 2062 2502 impuberem

1120 2509 1142 2525 et
1160 2507 1278 2531 puberem,
1302 2507 1338 2525 vel
1356 2507 1416 2525 inter
1434 2506 1573 2530 impuberes,
1598 2512 1642 2524 non
1666 2506 1779 2529 proximos
1798 2505 1919 2529 pubertati,
1943 2504 2020 2522 valent
2039 2507 2062 2522 nt

1120 2533 1234 2556 sponsalia
1248 2533 1276 2552 do
1292 2533 1377 2556 suturo;
1392 2538 1433 2551 nee
1448 2533 1471 2551 in
1486 2532 1655 2551 matrimonium
1670 2533 1787 2551 transeunt
1797 2537 1824 2549 ex
1835 2530 1883 2548 sola
1896 2530 2063 2553 perseverantia

1120 2559 1210 2581 aetatis,
1230 2559 1274 2577 nisi
1293 2559 1358 2578 aliter
1376 2559 1538 2582 approbentur;
1562 2558 1671 2576 inducunt
1690 2559 1764 2576 tamen
1784 2556 1895 2580 publi-*nm
1914 2556 2061 2574 honestatem.

1120 2585 1147 2604 Η.
1163 2585 1183 2603 d.
1199 2586 1266 2603 Dom.
1281 2595 1305 2598 --
1319 2586 1337 2606 ἓ.
1353 2585 1371 2603 2.
1386 2584 1505 2608 Sponsalia
1519 2589 1559 2608 pro
1574 2583 1704 2603 absentibus
1719 2583 1771 2602 filiis
1785 2587 1831 2601 non
1845 2583 1929 2603 tenent.
1950 2581 1992 2600 nisi
2009 2581 2062 2605 ipsis

1120 2610 1286 2635 praesentibus,
1309 2610 1345 2630 vel
1368 2610 1412 2629 nisi
1435 2610 1610 2634 approbaverint
1632 2609 1699 2628 tax-ito
1721 2609 1757 2627 vel
1776 2613 1880 2632 expresse
1898 2612 1925 2626 ex
1944 2607 2061 2632 postfacto.

1510 2636 1538 2654 H.
1549 2636 1570 2654 d.
1581 2635 1672 2654 Domin-

1437 2677 1638 2704 Bonisacius
1658 2676 1748 2701 V1112.

1188 2721 1217 2747 Si
1230 2721 1350 2748 infantes
1361 2721 1398 2747 ad
1409 2721 1537 2753 invicem,
1547 2720 1591 2746 vel
1605 2727 1674 2745 unus
1685 2717 1774 2744 maior
1783 2718 1940 2752 septennio,
1951 2721 1979 2744 et
1988 2717 2059 2744 alter

1119 2755 1219 2789 minor,
1233 2756 1377 2791 sponsalia
1394 2755 1580 2782 contraxerint
1593 2754 1655 2789 ipsi,
1668 2753 1713 2779 vel
1729 2757 1860 2786 parentes
1878 2760 1929 2787 pro
1943 2752 1993 2786 eis,
2005 2752 2058 2779 nisi

1124 2861 1260 2893 quandam,
1282 2859 1463 2885 Cassandram2
1483 2860 1590 2889 nomine,
1616 2858 1714 2890 publice
1731 2857 1777 2880 sibi
1793 2857 1933 2888 coniugavit
1950 2865 2058 2887 uxorem,

434 2904 500 2930 quae
516 2904 554 2928 ep.
573 2895 630 2920 Νοῖ
643 2894 846 2928 (Noviomensif)
864 2894 959 2919 directa
972 2898 1052 2919 exsui!
1068 2894 1090 2919 L
1124 2899 1160 2925 et,
1188 2904 1264 2928 quum
1285 2896 1376 2919 diutius
1396 2895 1559 2918 cohabitasset
1581 2894 1672 2922 cidem,
1700 2896 1813 2923 suscepto
1837 2900 1866 2915 ex
1887 2899 1917 2915 eo
1939 2891 1990 2916 silio
2011 2892 2059 2916 Th.

147 2942 189 2958 no.
221 2934 249 2958 L.
275 2936 297 2957 et
326 2932 380 2958 Hc:
417 2930 567 2964 Quondaml
595 2931 706 2955 Thomas
729 2931 760 2954 de
785 2930 938 2961 Lexingliani
962 2929 1090 2954 mulierem
1125 2931 1232 2962 nomine,
1248 2934 1272 2956 et
1284 2931 1406 2954 bonorum
1419 2929 1508 2954 herede
1521 2926 1622 2953 relicto³
1634 2927 1700 2951 diem
1713 2926 1798 2951 clausit
1811 2931 1954 2952 extremum.
1986 2927 2061 2953 Nune

201 3010 221 3035 1)
232 3010 340 3034 Quidam:
355 3009 371 3029 L
423 3009 444 3034 2)
454 3009 494 3029 ab:
508 3008 524 3028 L
575 3008 596 3032 3)
606 3007 685 3027 relicto
695 3021 701 3027 .
712 3021 718 3027 .
728 3021 734 3027 .
744 3007 798 3027 'Ph-z
813 3007 881 3027 deest:
895 3005 910 3026 L

201 3115 258 3136 Lib.
272 3115 310 3136 IV.
337 3114 392 3135 Tit.
406 3114 423 3133 Ι.
452 3113 514 3139 Cap.
530 3118 567 3133 un.
599 3111 619 3138 1)
631 3111 780 3133 contraxerit:
794 3109 850 3131 ΑΒΗ

928 3109 949 3135 2)
959 3109 1084 3130 contrahitz
1097 3108 1147 3130 CEF
