2243 3288
107 212 175 240 1273

110 288 300 316 abominabile
319 288 469 322 plurimum
486 287 622 320 redditur,
640 288 691 314 sed
705 288 789 314 etiarn
807 287 946 313 humanae
959 286 1048 311 consi-

110 323 262 350 derationis
287 322 432 348 obtutibus
463 323 582 348 occurrit
606 322 801 348 vehementius
830 320 1048 347 abhorrendum.

110 359 248 384 Volentes
261 357 353 390 igitur,
372 358 465 390 (prout
479 357 563 382 officii
577 357 664 383 nostri
678 357 804 382 debitum
818 355 923 389 exigit,)
941 355 1008 380 illud
1022 355 1049 380 in

110 394 163 420 hac
180 396 260 426 parte
277 391 433 417 remedium
451 391 596 423 adhibere,
619 399 670 425 per
693 391 769 424 quod
791 395 884 416 tantae
906 389 1048 415 abomina-

111 427 203 459 tionis,
216 430 368 459 tantaeque
383 426 596 451 immanitatisS·
614 430 642 451 et
655 424 806 459 impietatis
819 424 924 450 abusus
938 424 1048 457 penitus

112 462 247 493 deleatur,
272 468 324 486 nec
349 460 515 486 extendatur
538 460 574 486 ad
599 460 678 492 alios,
702 459 858 493 apostolica
882 458 1048 483 auctoritate

111 495 258 522 statuimus
279 496 342 520 etss‘
364 495 535 526 ordinamus,
558 499 596 526 ut,
621 503 707 528 quum
730 493 838 527 quis10·
860 493 1048 526 cuiuscunque

111 535 201 556 status
219 533 267 554 aut
284 529 396 562 generis
414 537 464 555 seu
479 529 622 562 dignitatis
642 528 819 559 exstiteritll,
838 527 864 552 in
883 527 1048 558 civitatibus,

112 564 192 590 terris
214 572 264 589 seu
286 563 365 596 lociS,
387 564 414 588 in
436 563 536 596 quibus
560 562 713 588 catholicae
734 561 799 587 fidei
822 561 912 586 cultus
935 561 1048 593 viget¹²,

113 599 189 625 diem
207 598 242 624 de
260 603 354 624 cetero
373 597 530 623 claudetffl*
547 602 711 628 extremum,
730 596 802 621 circa
821 604 938 629 corpora
952 595 1049 620 desun-

113 637 221 660 ctorum
234 632 395 658 huiusmodi
413 632 517 658 abusus
530 631 575 657 vel
593 631 691 657 similis
703 630 861 655 nullatenus
876 630 1050 661 observetur,

112 675 164 694 nec
187 667 312 692 fidelium
333 675 432 692 manus
454 670 532 692 tanta
549 664 766 691 immanitate14*
788 664 948 690 foedentur.
985 664 1049 695 Sed,

112 707 143 728 ut
168 701 363 727 defunctorum
393 709 512 734 corpora
541 701 580 725 sic
605 699 690 733 impie
715 699 793 724 ac15*
822 699 971 724 crudeliter
995 707 1049 724 non

112 740 275 768 tractentur,
294 735 456 761 deferantur
473 734 509 760 ad
526 735 597 765 loca,
615 734 642 759 in
655 733 756 766 quibus
774 733 901 759 viventes
915 733 1050 766 elegerint

114 770 266 804 sepelirilb',
288 775 336 795 aut
354 770 380 795 in
399 769 518 801 civitate,
541 773 632 794 castro
651 768 695 793 vel
714 768 785 799 loco,
808 768 854 793 ubi
868 767 1050 798 decesserint,

113 806 158 831 vel
171 805 233 830 loco
247 804 337 830 vicino
349 803 554 830 ecclesiasticae
565 802 727 836 sepulturae
741 802 884 828 tradantur
894 802 928 827 ad
940 807 1051 835 tempus

114 839 162 871 ita,
177 839 253 873 quod
267 839 381 864 demum
395 837 554 863 incineratis
567 836 742 870 corporibus,
760 841 806 862 aut
820 836 887 862 alias
902 836 938 861 ad
951 837 1012 861 loca
1021 835 1051 867 ff,

114 874 162 900 ubi
181 873 354 907 sepulturam
371 872 516 905 elegerint,
534 871 719 905 deportentur
732 876 760 896 et
777 871 948 904 sepeliantur
961 870 987 895 in
1002 870 1051 896 eis.

113 909 173 934 Nos
187 908 271 939 enim,
288 907 311 932 si
325 906 460 941 praedicti
475 905 597 931 defuncti
611 910 758 931 exsecutor
772 905 815 931 vel
824 906 845 923 1³
863 909 1051 936 exsecutores,

115 947 163 968 aut
176 941 325 968 familiares
339 941 408 972 eius,
422 949 472 966 seu
484 940 574 973 quivis
589 940 643 971 alii,
657 939 846 973 cuiuscunque
860 939 974 971 ordinis,
988 947 1051 964 con-

117 976 239 1008 ditionis,
257 980 346 1001 status
364 979 411 1000 aut
428 975 531 1008 gradus
545 974 656 1005 fuerint,
675 974 783 1000 etiamsi
798 974 949 1007 pontificali
963 973 1052 1005 digni—

116 1016 173 1037 tate
186 1009 390 1044 praefulgeant,
407 1009 514 1043 aliquid
527 1014 624 1034 contra
636 1008 795 1033 huiusmodi
814 1008 901 1033 nostri
915 1008 1010 1033 statuti
1025 1012 1052 1033 et

115 1044 298 1071 ordinationis
311 1049 439 1070 tenorem
449 1043 689 1077 praesumpserint
699 1047 846 1074 attentare,
857 1042 1053 1068 defunctorum

116 1088 235 1113 corpora
261 1079 301 1104 sic
330 1078 518 1104 inhumaniter
542 1082 570 1103 et
599 1077 749 1103 crudeliter
773 1077 980 1111 pertractando,
1009 1076 1053 1101 vel

116 1113 244 1140 faciendo
259 1112 422 1147 pertractari
432 1113 462 1145 1⁹,
473 1111 766 1138 excommunicationis
777 1112 954 1143 sententiam,
968 1119 1052 1144 quam

117 1156 225 1175 exnunc
243 1148 270 1173 in
288 1148 364 1181 ipsos
382 1146 589 1181 proferimusw,
607 1146 669 1180 ipso
688 1145 761 1171 sacto
776 1154 806 1172 se
819 1146 946 1171 noverint
965 1145 1052 1170 incur-

117 1191 208 1215 suros,
225 1191 243 1208 a
255 1190 311 1216 qua
324 1190 379 1207 non
393 1182 444 1207 nisi
458 1189 508 1215 per
521 1180 705 1214 apostolicam
719 1180 826 1212 sedem,
844 1181 1054 1214 (praeterquam

116 1218 145 1243 in
158 1217 256 1243 mortis
267 1216 403 1248 articulo‚)
415 1215 532 1249 possit21
543 1214 728 1240 absolutionis
739 1214 907 1240 beneficium
918 1214 1054 1240 obtinere.

116 1252 153 1278 Et
170 1251 349 1277 nihilominus
367 1250 422 1282 ille,
440 1250 517 1275 cuius
534 1257 636 1283 corpus
654 1249 693 1274 sic
711 1249 889 1274 inhumane-'2
906 1253 1055 1274 tractatum

117 1286 210 1319 suerit,
223 1284 413 1312 ecclesiastica
426 1288 520 1310 careat
533 1284 686 1317 sepultura.
710 1284 783 1308 Nulli
796 1291 864 1315 ergo
879 1287 932 1309 etc.
951 1284 1055 1308 Datum

118 1320 295 1347 Lateran.2³·
307 1319 367 1345 XII.
381 1319 442 1345 Kal.
456 1318 558 1344 Martii.
571 1319 650 1344 Pont.
664 1317 751 1343 nostri
764 1318 816 1343 Ao.
830 1317 923 1344 V1.·-'*1*
943 1316 1043 1352 [1299.]

533 1405 605 1425 CAP.
620 1405 648 1424 11.

119 1447 192 1470 Super
205 1444 418 1470 praedicationibus.
435 1444 614 1463 confessionibus
629 1445 650 1463 et
665 1444 785 1468 sepulturis
799 1443 902 1467 providet
912 1443 954 1461 hoc
965 1448 1020 1466 cap.y
1035 1444 1059 1461 ut

119 1473 184 1492 tollat
194 1472 356 1494 contentiones
371 1475 428 1494 quae
438 1470 491 1489 olim
502 1472 566 1489 erant
576 1470 635 1489 inter
646 1472 734 1488 curatos
744 1475 770 1488 ex
781 1475 825 1488 una
835 1471 903 1493 parte,
916 1471 937 1487 et
947 1469 1058 1487 Iacobitas

120 1500 142 1518 et
152 1498 301 1522 Chordigeros
316 1502 343 1515 ex
358 1497 436 1515 altera.
464 1496 513 1515 Hoc
527 1501 574 1519 cap.
585 1496 638 1514 lieet
652 1496 730 1514 fuisset
739 1495 850 1514 sublatum
866 1501 905 1518 per
915 1496 1059 1518 extravagan-

120 1526 177 1543 tem:
192 1524 254 1543 Inter
264 1525 363 1546 eunctaS,
379 1527 435 1546 quae
446 1524 467 1540 et
482 1522 534 1540 int'r.
549 1522 581 1540 de
595 1522 697 1545 privil.,
714 1523 747 1540 est
760 1523 835 1540 tamen
850 1521 916 1540 hodie
927 1521 1058 1540 innovatum

405 1553 446 1572 per
455 1547 525 1567 Clem.
553 1547 643 1567 Dudum
654 1548 681 1566 de
691 1547 769 1571 sepult.

444 1597 642 1624 Bonifacius
662 1598 732 1624 VIII.

191 1648 281 1682 Super
298 1646 462 1673 cathedram
479 1645 718 1680 praeeminentiae
732 1645 880 1680 pastoralis
895 1644 988 1670 divina
1006 1648 1059 1671 etc.

123 1683 156 1717 cf.
172 1684 291 1709 Clemenl.
307 1690 330 1708 2.
345 1682 380 1716 (3,
394 1681 430 1714 7.)

432 1786 656 1816 TITULUS
682 1786 747 1814 VH.

460 1845 517 1871 DE
535 1843 720 1870 DECIMIS.

517 1932 589 1952 CAP.
603 1929 671 1951 UN.¹

125 1976 198 1998 Quum
213 1973 342 1993 Bonifaeius
357 1971 468 1990 decimam
482 1971 549 1990 certis
563 1976 589 1989 ex
605 1970 677 1989 causis
691 1969 728 1988 hic
741 1969 765 1987 in
783 1968 894 1992 principio
909 1967 1020 1991 expressis
1034 1967 1061 1986 ab

125 2001 227 2020 ecelesiis
241 2001 263 2018 et
278 1998 437 2018 ecclesiasticis
450 1997 552 2021 personis
563 1997 622 2019 exigi
633 1996 754 2018 statuisset,
769 1994 839 2013 multa
853 1994 920 2012 dubia
931 1994 990 2011 circu
1000 1993 1062 2012 illam

124 2028 214 2047 suborta
224 2027 282 2049 sunt,
292 2029 349 2048 quae
359 2024 396 2042 hie
406 2024 466 2042 clare
476 2025 498 2042 et
507 2022 594 2046 prolixe
604 2021 782 2040 manifestantur.
810 2019 868 2039 Vide
878 2021 961 2038 textum
974 2024 1022 2037 eum
1033 2019 1063 2043 gl.

206 2052 229 2071 in
240 2051 310 2070 Clem.
320 2052 339 2069 2.
350 2050 399 2069 cod.
410 2050 444 2068 tit.
454 2049 493 2068 ubi
503 2049 558 2067 haee
569 2049 716 2071 extravagans
727 2047 750 2065 in
760 2046 836 2065 multis
846 2045 980 2064 declaratur.

246 2099 445 2127 Bonifacius
462 2099 535 2125 VIII.
555 2097 743 2124 Collectori
763 2096 939 2122 decimae-².

195 2148 417 2179 Declarationes‚
436 2155 505 2180 quas
522 2146 550 2172 in
562 2145 678 2179 negotio
692 2144 828 2175 decimae,
847 2151 896 2177 per
910 2150 960 2168 nos
974 2149 1063 2180 nuper

127 2185 275 2220 impositae
288 2191 339 2217 pro
352 2181 550 2216 prosecutione
563 2187 680 2213 guerrae
693 2187 725 2204 ac
737 2177 842 2211 negotii
861 2177 939 2210 regni
953 2177 1062 2202 Siciliae

127 2225 224 2246 contra
240 2219 347 2249 hosteS,
365 2216 401 2242 de
418 2215 544 2242 ecclesiis
558 2219 587 2240 et
604 2213 732 2248 personis
746 2212 940 2239 ecclesiasticis
959 2219 1009 2245 per
1021 2214 1062 2236 to-

127 2261 184 2281 tam
207 2253 313 2279 Italiam
334 2256 363 2277 et
383 2255 477 2276 cetera
497 2250 559 2275 loca
581 2247 737 2274 constitutis
760 2247 888 2272 volumus
910 2245 1062 2276 observari,

129 2289 216 2323 (cuius
231 2287 346 2321 quidem
359 2285 484 2311 decimae
498 2284 525 2309 in
538 2283 590 2309 illis
604 2283 730 2317 partibus
745 2286 771 2307 te
785 2279 1063 2315 superintendentem

128 2332 177 2350 seu
192 2322 370 2348 collectorem
384 2319 513 2345 duximus
526 2317 739 2352 deputandum)
753 2316 822 2342 tales
836 2320 913 2341 sunt:
934 2315 978 2340 De
991 2313 1064 2340 redi-

129 2359 202 2384 tibus
216 2361 244 2383 et
257 2354 439 2390 proventibus
454 2352 678 2387 leprosariarum,
688 2351 836 2376 domorum
846 2349 917 2375 Deissl
930 2354 958 2374 et
971 2347 1064 2382 hospi-

129 2393 225 2419 talium
243 2397 408 2425 pauperum,
431 2388 477 2422 qui
499 2387 527 2412 in
548 2395 614 2412 usus
637 2386 821 2419 leprosorum,
843 2383 1014 2409 infirmorum
1036 2386 1064 2408 et

129 2433 285 2462 pauperum
307 2427 514 2453 convertuntur,
536 2420 646 2447 decima
669 2428 726 2445 non
747 2419 880 2445 solvetur.
927 2417 1063 2443 Moniales

129 2462 258 2494 aliaeque
275 2458 417 2492 regulares
437 2463 584 2491 personae,
603 2463 721 2489 quarum
739 2453 845 2479 reditus
863 2457 891 2478 et
913 2455 1064 2486 proventus

129 2494 312 2523 ecclesiastici
324 2492 396 2518 adeo
408 2495 471 2517 sunt
481 2495 580 2516 tenues
591 2494 619 2515 et
633 2489 743 2520 exsiles,
755 2487 831 2522 quod
841 2487 877 2513 de
891 2487 943 2512 illis
957 2490 1064 2511 susten-

131 2531 182 2557 tari
199 2537 255 2555 non
272 2531 401 2562 possunt,
419 2525 470 2551 sed
487 2533 539 2558 pro
557 2523 689 2550 habendo
707 2523 780 2548 vitae
797 2530 865 2548 suae
886 2520 1065 2546 sustentatio-

130 2573 195 2592 nem
220 2570 338 2590 necesse
367 2561 472 2586 habent
496 2559 607 2593 publice
631 2557 791 2584 mendicare
816 2561 844 2582 et
873 2555 1065 2586 eleemosynas

131 2604 238 2635 petere,
251 2597 354 2623 dictam
365 2595 504 2621 decimam
514 2601 569 2619 non
583 2592 752 2626 persolvent.
779 2590 942 2617 Saeculares
953 2597 1066 2623 quoque

131 2633 233 2665 clerici,
248 2639 366 2666 quorum
377 2628 557 2656 ecclesiastici
571 2626 678 2653 reditus
688 2630 716 2652 et
729 2629 882 2660 proventus
895 2624 978 2649 annui
991 2631 1066 2648 sum-

131 2677 206 2695 mam
223 2670 333 2700 septem
350 2665 519 2690 florenorum
535 2662 595 2687 auri
612 2669 668 2686 non
685 2660 832 2691 excedunt,
855 2658 975 2685 eandem
993 2657 1066 2683 dcci-

132 2711 207 2730 mam
225 2709 281 2727 non
298 2698 490 2734 praestabunt.
526 2696 554 2722 Si
571 2704 638 2722 vero
657 2703 711 2720 una
728 2702 850 2728 persona
868 2693 947 2727 plura
965 2692 1067 2718 habeat

131 2736 278 2767 beneficia,
292 2741 412 2768 quorum
425 2732 531 2758 nullum
544 2739 594 2764 per
607 2738 638 2756 se
651 2734 797 2763 acceptum
813 2728 916 2753 dictam
930 2734 1068 2752 summam

133 2776 243 2806 septem
267 2769 438 2795 florenorum
462 2765 520 2792 auri
545 2764 687 2790 annuatim
712 2763 844 2796 attingat,
869 2761 950 2787 simul
975 2765 1067 2786 tamen

133 2807 251 2833 collecta
263 2804 290 2830 in
303 2802 423 2829 minimis
441 2799 623 2835 proventibus
641 2806 780 2824 summam
792 2800 976 2823 memoratam
989 2802 1068 2820 exce-

134 2841 211 2874 dant,
225 2841 363 2874 quotquot
375 2836 420 2862 vel
433 2839 679 2869 quantumcunque
689 2831 801 2858 modica
813 2830 924 2863 suerint,
935 2829 970 2856 de
981 2828 1068 2855 omni-

185 2953 239 2972 Tit.
254 2951 291 2972 VI.
319 2950 380 2974 Cap.
394 2949 412 2968 Ι.
439 2947 460 2971 8)
470 2946 652 2967 inhumanitatis:
666 2943 757 2964 ACGHM
815 2943 836 2967 9)
846 2946 878 2963 ot:
893 2943 940 2967 (nez
953 2941 976 2966 ‹t›
990 2942 1069 2962 etiam:

135 2978 196 3000 codd.
207 2978 254 2998 coll.
308 2976 341 3000 10)
351 2975 423 3000 quivis
434 2976 466 2994 et:
482 2973 531 2993 AB:
545 2973 594 2997 quis
604 2973 636 2991 et:
653 2970 691 2990 GM
737 2969 770 2994 11)
781 2970 918 2989 exstiterint:
933 2968 955 2987 Η
996 2968 1028 2989 12)
1038 2968 1069 2987 vi-

134 3005 219 3030 guerit:
234 3002 281 3022 Aoo
321 3002 354 3025 13)
364 3000 465 3020 claudat:
478 2998 580 3019 acaffll:
593 2997 688 3017 claudit:
703 2995 725 3015 Η
766 2995 798 3020 14)
809 2995 983 3015 inhumanitate:
994 2992 1072 3013 AGHM

134 3030 168 3055 15)
178 3032 210 3050 et:
225 3028 260 3049 ΟΠ
318 3028 351 3052 16)
367 3026 514 3052 sepulturam:
529 3023 576 3045 CM.-
590 3023 724 3047 sepulturam
738 3022 773 3041 vol
788 3021 890 3046 sopellrl:
904 3019 937 3039 Ao

134 3057 196 3081 loca:
210 3054 278 3076 deest:
293 3053 334 3074 ΗΝ
410 3051 443 3077 15)
453 3052 570 3071 exsecutor
580 3050 628 3070 vel:
641 3048 710 3068 deest:
723 3047 778 3070 ΛΟΜ

492 210 709 237 EXTRAVAG.
731 209 904 237 COMMUN.
922 209 989 236 LIB.
1008 209 1052 235 111.
1070 209 1141 235 TIT.
1160 209 1206 235 VI.
1226 209 1284 235 VII.
1304 208 1355 234 DE
1374 207 1533 234 DECIMIS.
1553 215 1576 234 c.
1596 215 1641 233 un.

854 3046 887 3071 19)
898 3019 1073 3066 tractarhuglfflf
1104 3018 1286 3065 diffugia-xatus
1296 3048 1335 3063 sou
1345 3042 1448 3063 armai-il:
1462 3041 1488 3062 ὥ.
1520 3041 1541 3066 ¹1)
1551 3041 1618 3062 ecch:
1632 3040 1700 3062 deest:
1713 3039 1740 3061 o'b.
1771 3039 1792 3065 8)
1802 3039 1918 3065 quintum>
1926 3039 1986 3060 solo:
1999 3038 2028 3061 οἳ),

1955 205 2022 232 1274

1083 287 1135 312 bus
1161 291 1188 312 et
1210 286 1327 320 singulis
1349 285 1459 312 decima
1480 285 1669 319 persolvetur:
1688 284 1739 310 sed
1761 292 1817 310 non
1840 284 1962 310 solvetur
1984 283 2020 310 de

1085 321 1226 354 pitantiis⁴
1248 321 1459 346 monachorum.
1497 319 1630 345 Similiter
1651 319 1686 345 de
1708 319 1761 350 his,
1783 326 1855 352 quae
1873 327 1891 344 a
1908 317 2021 344 Christi-

1085 355 1213 381 tidelibus
1232 355 1427 388 relinquuntur
1444 354 1579 385 ecclesiis,
1598 358 1626 379 ut
1644 362 1678 379 ex
1696 353 1736 379 eis
1751 353 1879 387 perpetui
1893 357 2021 378 emantur

1084 390 1199 421 reditus,
1217 389 1284 415 item
1303 389 1338 415 de
1355 389 1452 421 xeniis,
1474 388 1606 422 praelatis
1624 392 1653 414 et
1670 388 1730 413 aliis
1749 387 1876 421 personis
1890 387 2020 413 ecclesia-

1085 424 1160 449 sticis
1184 424 1334 450 liberaliter
1357 423 1446 455 sactis,
1470 423 1579 448 decima
1601 430 1656 448 non
1679 422 1811 448 solvetur.
1848 421 2020 447 Solventium

1085 458 1223 484 decimam
1245 458 1375 484 electioni
1399 466 1448 483 seu
1470 457 1584 482 arbitrio
1608 457 1798 488 committitur,
1816 460 1908 481 utrum
1930 456 2021 489 ipsam

1084 493 1169 518 velint
1183 493 1292 518 solvere
1309 500 1359 526 per
1377 497 1465 517 totum
1480 497 1600 524 tenipus,
1618 491 1694 524 quod
1709 490 1819 516 durabit
1833 490 1951 521 decima,
1969 498 2020 524 pro

1085 532 1144 553 rata
1162 531 1357 561 proventuum,
1381 534 1451 559 quos
1470 525 1585 557 singulis
1604 526 1683 550 annis
1702 525 1768 550 dicti
1789 525 1924 558 temporis
1943 525 2020 558 ipsos

1085 562 1230 595 percipere
1253 561 1409 593 contigerit,
1432 568 1466 585 an
1489 568 1539 593 per
1557 560 1647 593 ipsum
1667 565 1776 592 tempus
1796 567 1846 592 pro
1869 564 1929 584 rata
1947 567 2021 584 com-

1085 595 1175 621 munis
1194 595 1395 621 aestimationis
1415 599 1601 628 proventuum
1623 593 1785 619 eorundem.
1830 593 1887 619 Sed
1905 601 1959 618 una
1975 593 2020 619 via

1085 630 1175 656 electa
1192 638 1247 655 non
1266 629 1359 654 licebit
1377 629 1457 654 alicui
1480 629 1587 654 variare
1608 628 1643 653 ad
1665 628 1747 653 aliam
1770 627 1948 653 recurrendo.
1985 628 2020 653 Et

1086 664 1133 689 fiat
1147 668 1174 690 et
1187 664 1330 697 redigatur
1343 672 1393 697 per
1406 663 1570 688 collectores
1585 663 1611 687 in
1625 662 1734 696 scriptis
1748 662 1848 688 electio
1861 661 2020 687 huiusmodi

1086 707 1218 732 expresse
1235 698 1263 723 in
1281 698 1370 731 prima
1383 697 1521 722 solutione
1535 696 1661 722 decimae
1674 705 1759 730 supra
1773 696 1878 726 dictae;
1898 696 2022 729 alioquin

1086 733 1161 758 iuxta
1178 733 1402 758 aestimationem
1420 739 1595 757 communem
1613 739 1663 764 per
1681 735 1771 756 totum
1788 735 1899 764 tempus
1913 731 2023 756 solvere

1086 767 1262 794 tenebuntur.
1299 767 1482 792 Declaramus
1496 770 1598 797 autem,
1613 765 1689 798 quod
1702 765 1739 796 hi,
1758 765 1805 798 qui
1819 765 1955 797 elegerint
1969 765 2022 790 sol-

1086 809 1152 827 vere
1166 801 1303 826 decimam
1317 809 1367 834 pro
1382 804 1442 826 rata
1455 808 1552 826 eorum
1559 800 1578 831 ὃ,
1593 807 1665 833 quae
1680 799 1857 833 perceperint
1870 799 2023 831 annuatim,

1086 835 1209 861 vendant
1228 840 1380 869 proventus
1397 834 1598 860 beneficiorum
1618 842 1740 864 suorum,
1760 841 1832 866 quae
1846 833 2023 867 personalem

1086 869 1267 896 residentiam
1289 878 1345 895 non
1366 869 1519 902 requirunt,
1542 873 1570 894 et
1593 868 1701 893 solvant
1726 867 1865 893 decimam
1890 876 1940 901 pro
1963 868 2023 893 solo

1087 904 1187 938 pretio,
1206 904 1282 937 quod
1300 904 1457 937 receperint
1475 903 1511 928 de
1529 902 1650 932 eisdem;
1669 902 1735 927 dum
1754 906 1846 927 tamen
1861 906 1956 927 contra
1969 902 2022 928 hoc

1087 939 1115 964 in
1128 938 1255 964 fraudem
1269 938 1395 964 decimae
1408 937 1476 962 nihil
1494 936 1606 962 omnino
1620 941 1727 969 agatur.
1764 936 1820 961 Sed
1834 936 2024 962 ecclesiastica

1088 981 1219 1007 persona,
1229 981 1301 1006 quae
1312 973 1339 997 in
1349 972 1469 998 ecclesia
1481 979 1532 996 sua
1541 971 1585 996 vel
1598 970 1745 1002 beneficio,
1757 970 1833 1003 quod
1843 970 2024 996 residentiam

1088 1007 1266 1041 personalem
1288 1006 1412 1040 requirit,
1434 1014 1490 1031 non
1513 1005 1626 1037 residet,
1649 1004 1700 1030 sed
1723 1004 1788 1030 facit
1809 1005 1836 1029 in
1855 1004 1956 1030 eodem
1974 1013 2024 1038 per

1088 1042 1239 1067 firmarium
1251 1042 1297 1066 vel
1313 1041 1446 1066 vicarium
1459 1039 1603 1071 deserviri,
1621 1039 1784 1072 deputando
1798 1039 1851 1072 ipsi
1864 1039 1967 1064 vicario
1981 1039 2025 1065 vel

1088 1076 1208 1101 firmario
1234 1080 1339 1101 certam
1365 1083 1478 1100 suorum
1502 1078 1686 1108 proventuum
1711 1073 1878 1107 portionem,
1907 1081 1963 1098 non
1988 1073 2024 1099 de

1088 1111 1236 1136 vicariatus
1258 1118 1308 1136 seu
1333 1109 1444 1135 firmarii
1467 1108 1622 1142 portioness,
1647 1107 1699 1133 sed
1721 1107 1756 1133 de
1778 1107 1914 1133 universis
1937 1108 2024 1141 ipsius

1089 1144 1242 1170 ecclesiaeT
1271 1144 1316 1170 vel
1340 1143 1469 1169 beneficii
1500 1142 1682 1176 proventibus
1707 1142 1848 1167 decimam
1873 1142 2025 1168 exhibebit.

1089 1179 1271 1205 Declaramus
1289 1179 1384 1209 etiarn,
1403 1177 1479 1211 quod
1498 1177 1533 1202 de
1547 1177 1622 1202 silvis
1637 1184 1685 1202 seu
1699 1176 1870 1207 nemoribus,
1885 1184 1957 1209 quae
1970 1185 2026 1201 non

1090 1218 1293 1239 consueverunt
1311 1212 1404 1244 vendi,
1426 1212 1464 1237 nil
1482 1211 1613 1242 solvetur,
1636 1210 1689 1236 nisi
1707 1210 1779 1236 forte
1796 1210 1901 1243 aliquid
1920 1210 1955 1236 de
1972 1211 2025 1236 illis

1089 1247 1234 1273 venditum
1247 1247 1329 1273 suerit
1343 1246 1460 1272 durante
1473 1246 1591 1277 decima,
1605 1249 1633 1271 et
1646 1249 1711 1271 tunc
1724 1245 1926 1276 aestimabitur,
1940 1253 2025 1278 quan-

1091 1287 1150 1308 tum
1163 1282 1256 1307 valere
1275 1281 1381 1307 debent
1398 1280 1481 1306 annui
1499 1280 1604 1306 reditus
1624 1280 1710 1313 partis
1727 1279 1858 1305 venditae
1872 1279 2026 1304 secundum

1091 1316 1229 1348 assisiam,
1243 1324 1315 1350 quae
1329 1315 1473 1341 consuevit
1486 1314 1545 1340 fieri
1559 1314 1594 1340 de
1607 1314 1768 1340 nemoribus
1783 1313 1810 1338 in
1823 1313 1949 1347 partibus
1963 1313 2026 1345 illis,

1091 1351 1119 1376 in
1141 1351 1243 1384 quibus
1265 1358 1364 1376 nemus
1382 1349 1515 1375 situatum
1537 1348 1628 1380 fuerit,
1652 1353 1680 1374 et
1702 1348 1738 1374 de
1755 1348 1816 1373 sola
1832 1347 2028 1373 aestimatione

1093 1385 1202 1412 decima
1223 1385 1407 1418 persolvetur,
1432 1388 1460 1409 et
1482 1391 1537 1408 non
1560 1383 1595 1408 de
1617 1391 1660 1414 eo,
1680 1382 1757 1416 quod
1779 1382 1972 1416 perciperetur
1993 1381 2029 1407 de

1093 1420 1174 1445 dictis
1192 1419 1268 1445 silvis
1287 1427 1336 1445 seu
1354 1418 1526 1449 nemoribus,
1544 1425 1616 1450 quae
1634 1417 1718 1443 vendi
1735 1425 1792 1442 non
1814 1420 2029 1448 consueverunt,

1092 1454 1146 1480 nisi
1159 1454 1232 1479 forte
1245 1453 1402 1479 vendantur
1415 1452 1532 1478 durante
1546 1452 1664 1483 decima,
1682 1451 1764 1484 quia8
1782 1455 1847 1476 tunc
1860 1450 1983 1476 solvetur
1996 1458 2030 1476 ex

1093 1488 1255 1514 venditione
1276 1487 1419 1522 pascuagii
1442 1495 1491 1512 seu
1512 1486 1649 1519 herbagii,
1673 1490 1721 1511 aut
1741 1485 1855 1511 alterius
1877 1484 2029 1510 consimilis

1094 1527 1247 1557 proventus
1261 1522 1417 1548 eorundem
1429 1529 1575 1546 nemorum
1589 1524 1616 1546 et
1634 1520 1774 1545 silvarum.
1811 1519 1846 1544 Et
1859 1519 1881 1545 si
1895 1527 1951 1544 non
1964 1527 2029 1544 ven-

1095 1557 1196 1583 dantur
1209 1556 1369 1582 huiusmodi
1383 1555 1534 1589 pascuagia
1547 1560 1575 1580 et
1588 1554 1700 1580 similia:
1714 1562 1770 1579 non
1783 1553 1907 1579 solvetur
1920 1553 2030 1579 decima

1095 1592 1130 1618 de
1143 1592 1196 1624 his,
1210 1592 1248 1617 ita
1260 1596 1364 1622 tamen,
1378 1590 1455 1624 quod
1469 1590 1496 1615 in
1510 1589 1636 1615 fraudem
1650 1588 1776 1614 decimae
1788 1588 1855 1613 nihil
1868 1592 1964 1613 contra
1976 1587 2030 1613 hoc

1095 1631 1256 1652 attentetur.
1292 1625 1426 1658 Idemque
1445 1624 1480 1650 de
1497 1624 1618 1658 pascuis,
1635 1622 1777 1656 herbagiis
1795 1627 1823 1648 et
1841 1622 2031 1648 consimilibus

1095 1660 1314 1686 obventionibus
1336 1660 1468 1685 silvarum
1484 1658 1612 1684 volumus
1630 1657 1781 1683 observari.
1817 1657 1862 1682 De
1879 1656 1986 1689 stagnis
2004 1660 2033 1682 et

1095 1695 1221 1729 piscariis
1239 1694 1349 1720 decima
1366 1693 1406 1719 sic
1424 1693 1556 1724 solvetur,
1572 1692 1712 1723 videlicet,
1730 1691 1806 1725 quod
1823 1691 1871 1717 fiet
1883 1690 1982 1717 relatio
1996 1691 2032 1716 de

1096 1737 1212 1755 numero
1225 1737 1370 1760 annorum,
1385 1728 1484 1762 quibus
1499 1732 1563 1753 ante
1576 1726 1767 1752 venditionem
1780 1726 1905 1751 ultimam
1918 1725 2032 1751 vendita

1096 1772 1153 1789 non
1165 1763 1286 1795 fuerunt,
1299 1763 1335 1788 ad
1349 1762 1534 1796 quantitatem
1547 1761 1627 1795 pretii
1641 1769 1675 1786 ex
1688 1761 1749 1794 ipsa
1761 1760 1921 1786 venditione
1934 1759 2032 1785 ultima

1097 1798 1212 1832 recepti,
1230 1802 1269 1829 ut,
1287 1797 1378 1831 pretio
1392 1797 1482 1822 diviso
1499 1796 1527 1821 in
1541 1800 1635 1830 partes
1653 1794 1807 1821 secundum
1825 1802 1960 1820 annorum
1979 1798 2031 1819 ter-

1097 1833 1212 1865 minum,
1224 1832 1341 1858 durante
1353 1831 1462 1857 decima
1473 1831 1596 1856 solvatur
1609 1829 1718 1855 decima
1731 1829 1792 1862 ipsa
1803 1828 1837 1854 de
1851 1833 1893 1854 tot
1905 1828 2032 1862 partibus

1097 1867 1179 1901 pretii
1192 1875 1226 1893 ex
1239 1867 1300 1900 ipsa
1312 1866 1473 1892 venditione
1484 1865 1598 1898 recepti,
1609 1868 1677 1898 quot
1688 1863 1799 1889 fuerunt
1809 1862 1873 1888 anni
1887 1862 2033 1896 praedicti,

1098 1906 1136 1934 ut,
1151 1901 1172 1927 si
1186 1901 1258 1927 forte
1272 1905 1336 1926 sunt
1354 1900 1478 1934 quinque
1491 1899 1554 1925 anni
1568 1899 1667 1932 elapsi,
1681 1907 1714 1924 ex
1728 1906 1784 1931 quo
1798 1897 1889 1923 suerat
1902 1902 2034 1930 stagnum

1097 1935 1251 1966 venditum,
1273 1939 1301 1961 et
1323 1939 1388 1960 tunc
1409 1934 1545 1960 vendatur
1567 1941 1617 1966 pro
1640 1937 1751 1958 centum
1769 1932 1891 1963 florenis,
1913 1931 1980 1957 fiant
1998 1931 2035 1957 de

1097 1971 1188 2004 pretio
1207 1970 1330 2003 quinque
1348 1973 1452 2002 partes,
1471 1972 1498 1994 et
1515 1976 1566 2001 pro
1584 1967 1672 1992 tribus
1690 1966 1778 1998 anniS,
1802 1966 1903 1998 quibus
1922 1965 2034 1991 durabit

1098 2004 1216 2036 decima,
1234 2004 1358 2029 solvetur
1375 2003 1436 2036 ipsa
1454 2002 1563 2028 decima
1580 2001 1615 2027 de
1633 2001 1721 2026 tribus
1739 2000 1865 2033 partibus
1879 2000 1961 2033 pretii
1974 2004 2034 2025 tan-

1098 2043 1166 2070 tum,
1187 2038 1318 2064 videlicet
1334 2038 1392 2063 LX.
1410 2037 1588 2067 florenorum,
1610 2040 1638 2061 et
1659 2034 1918 2068 multiplicabuntur
1934 2038 1962 2059 et
1982 2034 2034 2059 mi-

1097 2078 1217 2099 nuentur
1229 2077 1323 2106 partes
1338 2071 1428 2105 pretii,
1447 2076 1529 2105 prout
1543 2070 1636 2104 plures
1651 2074 1679 2095 et
1693 2068 1838 2103 pauciores
1852 2068 1954 2094 fuerint
1967 2068 2035 2093 dicti

1097 2107 1171 2133 anni.
1207 2107 1251 2132 De
1265 2106 1390 2140 piscariis
1404 2110 1497 2131 autem
1511 2105 1654 2130 fluminum
1668 2108 1695 2129 et
1708 2103 1827 2134 lacuum,
1841 2107 1869 2128 et
1880 2102 2035 2128 venationi-

1097 2142 1159 2174 bus,
1177 2141 1200 2167 si
1217 2141 1383 2172 vendantur,
1400 2144 1428 2165 et
1446 2139 1521 2165 silvis
1539 2138 1652 2164 caeduis
1670 2137 1755 2169 idem,
1773 2137 1850 2170 quod
1868 2136 1903 2162 de
1917 2136 2034 2170 stagnis,

1098 2176 1155 2202 fiet.
1190 2176 1235 2202 De
1256 2175 1379 2208 piscibus
1401 2178 1565 2207 stagnorum
1581 2173 1626 2198 vel
1646 2172 1747 2198 belluis
1765 2179 1940 2205 garenarum,
1963 2179 2033 2204 quos

1098 2219 1149 2245 pro
1166 2218 1218 2235 usu
1235 2210 1280 2235 vel
1298 2217 1347 2235 esu
1370 2217 1419 2234 suo
1437 2207 1572 2240 consumi,
1595 2207 1639 2232 vel
1657 2207 1716 2232 sine
1739 2206 1837 2232 fraude
1855 2205 1951 2231 donari
1969 2213 2034 2230 con-

1099 2245 1201 2278 tigerit,
1220 2244 1328 2270 decima
1345 2252 1401 2268 non
1419 2243 1552 2268 solvetur.
1593 2242 1628 2267 Et
1645 2241 1710 2275 quia
1727 2240 1852 2266 nonnulli
1874 2240 2003 2266 obtinent
2019 2247 2036 2265 a

1098 2278 1274 2305 monasteriis
1288 2282 1316 2304 et
1329 2277 1454 2304 ecclesiis
1468 2277 1616 2311 prioratus,
1634 2275 1774 2309 grangias,
1792 2275 1901 2307 domos,
1919 2274 2034 2306 reditus,

1099 2313 1249 2348 pensiones
1272 2317 1300 2339 et
1318 2320 1431 2338 census:
1454 2311 1482 2337 in
1499 2310 1634 2337 solvenda
1652 2310 1688 2336 de
1706 2310 1748 2335 his
1767 2309 1876 2335 decima
1894 2308 2034 2334 credimus

1100 2346 1338 2381 distinguendum,
1356 2345 1496 2378 videlicet,
1515 2353 1550 2371 an
1569 2345 1635 2370 talia
1647 2344 1675 2369 in
1689 2343 1856 2370 beneficium
1869 2343 2034 2375 habeantur,

1099 2391 1134 2409 an
1149 2390 1182 2408 ex
1195 2386 1347 2413 contractu,
1365 2389 1400 2406 an
1418 2388 1452 2406 ex
1468 2388 1546 2406 mera
1563 2379 1663 2412 gratia.
1700 2378 1728 2404 Si
1747 2378 1814 2403 talia
1827 2378 1853 2403 in
1867 2377 2036 2403 beneficium

1099 2417 1265 2448 habeantur,
1283 2416 1342 2441 sive
1359 2415 1412 2440 hoc
1429 2414 1465 2440 sit
1482 2422 1647 2440 concessum
1665 2421 1715 2446 per
1731 2412 1829 2438 sedem
1843 2411 2036 2446 apostolicam,

1101 2451 1159 2477 sive
1176 2459 1227 2484 per
1244 2450 1368 2484 ipsorum
1386 2448 1619 2475 monasteriorum
1633 2447 1676 2473 vel
1691 2447 1872 2473 ecclesiarum
1885 2454 2035 2480 personas:

1101 2486 1136 2512 de
1153 2485 1263 2510 illorum
1281 2483 1463 2523 proventibus
1481 2483 1605 2508 solvetur
1618 2482 1736 2507 decima.
1773 2481 1865 2514 Quum
1878 2485 1973 2506 autem
1986 2480 2036 2505 ob-

1101 2521 1221 2546 tinentur
1239 2519 1306 2545 talia
1322 2526 1355 2544 ex
1374 2522 1526 2549 contractu,
1549 2521 1616 2550 puta
1632 2515 1669 2541 ad
1687 2515 1853 2549 pensionem
1864 2515 1909 2540 vel
1927 2514 2036 2540 firmam

1100 2562 1229 2585 annuam,
1251 2553 1279 2579 in
1297 2561 1352 2586 qua
1370 2560 1425 2578 non
1443 2556 1486 2578 est
1507 2551 1580 2577 sacta
1597 2550 1687 2584 gratia
1705 2549 1850 2580 obtinenti,
1869 2549 1920 2574 sed
1938 2549 1964 2574 in
1981 2549 2036 2574 hoc

1101 2593 1219 2622 uterque
1244 2587 1467 2613 contrahentium
1495 2585 1601 2612 studuit
1626 2584 1814 2610 conditionem
1839 2591 1918 2609 suam
1942 2583 2036 2609 facere

1101 2623 1258 2649 meliorem:
1272 2626 1453 2656 perceptores
1464 2619 1606 2654 pensionis
1617 2619 1661 2644 vel
1674 2618 1770 2644 firmae
1781 2618 1817 2643 de
1827 2618 1888 2651 ipsa
1897 2617 2036 2651 pensione

1101 2657 1145 2683 vel
1158 2657 1237 2682 firma
1249 2656 1386 2682 decimam
1399 2655 1580 2682 exhibebunt.
1617 2653 1645 2679 Si
1658 2658 1752 2678 autem
1763 2652 1824 2685 quis
1837 2657 1902 2678 ante
1913 2651 1958 2677 vel
1970 2655 2035 2685 post

1102 2691 1315 2718 concessionem
1332 2690 1412 2716 huius
1431 2689 1557 2715 decimae
1572 2687 1608 2713 ad
1625 2687 1711 2713 vitam
1728 2686 1870 2720 propriam
1887 2686 1955 2712 emit
1972 2693 2036 2719 pro-

1101 2730 1201 2752 ventus
1225 2725 1406 2759 prioratuum,
1431 2724 1476 2749 vel
1501 2723 1617 2749 aliorum
1639 2721 1845 2755 praedictorum
1870 2729 1921 2754 pro
1943 2720 2037 2754 aliqua

1103 2760 1230 2794 pecunia,
1252 2759 1299 2791 ita,
1321 2759 1397 2793 quod
1414 2758 1441 2784 in
1459 2758 1512 2783 hoc
1529 2757 1554 2783 ei
1573 2756 1693 2782 scienter
1709 2755 1800 2789 gratia
1817 2763 1873 2780 non
1890 2759 1933 2780 est
1950 2753 2037 2780 facta:

1103 2794 1338 2826 considerabitur,
1369 2796 1503 2827 quantum
1531 2790 1726 2817 aestimatione
1756 2788 1895 2815 communi
1925 2789 2037 2814 valeant

1103 2829 1187 2856 annui
1204 2832 1366 2863 proventus,
1383 2826 1532 2861 prioratus,
1549 2824 1692 2859 grangiae,
1711 2824 1820 2857 domus,
1838 2827 1974 2850 terrarum
1987 2831 2037 2850 seu

1349 2938 1382 2964 21)
1393 2939 1487 2963 ponunt:
1502 2936 1579 2957 Afflffl
1628 2935 1662 2961 22)
1672 2936 1834 2956 inhumaniten
1849 2934 1889 2954 ΔΗ
1937 2934 1970 2958 28)
1980 2935 2040 2955 Ana-

1417 2965 1450 2989 21)
1461 2965 1487 2984 v.
1498 2964 1547 2983 Kal.
1558 2963 1649 2983 Octobr.
1659 2963 1683 2982 P.
1694 2963 1721 2982 N.
1732 2962 1774 2982 Ao.
1784 2963 1824 2982 V.:
1839 2960 1974 2986 NRammld.

1458 2990 1477 3014 1)
1489 2989 1528 3009 JH'
1598 2988 1619 3012 2)
1629 2989 1733 3013 oplecopo
1743 2987 1853 3008 Benensi:
1868 2986 1892 3006 Μ
1953 2986 1974 3011 3)
1984 2987 2040 3006 Dei:

1502 3016 1523 3040 5)
1534 3020 1592 3035 cont
1607 3014 1673 3034 duest:
1687 3014 1714 3033 ιἸι.
1767 3014 1788 3036 6)
1797 3019 1843 3032 nou
1854 3013 1949 3032 deducet
1958 3013 2040 3037 portio-

1103 2940 1136 2965 20)
1147 2941 1250 2961 ferimusz
1264 2939 1300 2960 CI!

1104 2968 1178 2992 gaino:
1194 2966 1250 2986 GHN
1257 2965 1364 2991 Rayimm.

1155 2993 1208 3012 Tit.
1222 2993 1271 3013 VII.
1307 2992 1368 3015 Cup.
1383 2996 1421 3010 un.

1253 3019 1274 3038 4)
1284 3017 1409 3042 pietantiis:
1424 3016 1450 3035 ι’1ι.
