2243 3288
116 195 183 222 1233

119 273 232 305 dixisse,
249 273 483 298 sustentationem
497 273 599 299 Christi
613 278 640 299 et
654 273 855 307 Apostolorum
873 273 932 299 eius
950 273 977 298 in
992 274 1052 299 solo

119 312 147 333 et
168 307 243 332 nudo
264 307 429 340 simplici-'⁵‘
454 307 607 334 consistere
629 316 679 333 usu
702 308 777 339 facti,
803 308 933 342 quum'ffl‘
958 308 1052 341 quoad

119 342 260 367 Christum
270 345 299 367 et
308 341 462 375 Apostolos
475 342 579 367 nullam
593 342 733 376 praefatus
745 342 948 376 praedecessor
958 347 1053 368 noster

119 376 251 401 Nicolaus
277 375 304 400 in
330 384 380 401 sua
405 375 592 402 declaratione
617 376 715 402 fecerit
739 377 918 402 mentionem.
966 378 1052 402 Immo

120 410 243 435 sensisse
257 409 324 435 satis
337 410 447 436 videtur
460 419 603 444 expresse,
621 411 697 444 quod
710 410 751 436 ius
765 411 839 436 aliud
852 419 868 436 a
880 411 1052 444 proprietate

118 444 252 470 habuisse
265 449 425 477 potuerunt,
445 453 530 478 quum
548 445 583 470 de
596 446 656 470 sola
669 445 846 470 abdicatione
864 445 1052 478 proprietatis,

118 486 174 504 non
198 478 264 503 iuris
289 478 412 510 alterius,
437 479 464 504 in
489 479 615 513 praefata
638 479 835 511 declaratione,
861 484 995 512 quantum
1017 480 1051 505 atl

118 513 195 546 ipsos
219 512 328 544 attinet,
352 513 457 538 mentio
482 513 657 539 habetur30*.
697 513 797 539 Adhuc
822 513 897 539 idem
922 514 1052 539 Nicolaus

118 547 323 580 praedecessor
335 552 430 573 noster
443 547 553 573 videtur
566 548 697 579 sensisse,
712 547 788 581 quod
799 548 925 573 Christus
940 553 967 574 et
977 549 1052 582 Apo-

119 581 183 606 stoli
202 581 286 607 etiam
309 582 402 615 quoad
425 583 626 616 proprietatem
644 581 791 607 habuerint
808 582 913 615 aliquid
935 583 961 607 in
979 591 1052 608 com-

118 615 204 640 muni.
242 616 334 648 Quum
351 616 426 641 enim
444 616 471 641 in
489 625 539 642 sua
557 616 744 642 declaratione
763 616 906 649 praedicta
919 617 1004 642 verba
1018 618 1053 643 de

117 649 295 675 abdicatione
324 651 504 684 proprietatis
534 651 662 676 dixisset:
697 650 874 684 respondens
904 651 1052 677 obiectioni

119 684 229 715 tacitae,
245 692 316 717 quae
330 685 383 710 sibi
395 685 430 710 de
444 685 550 716 loculis,
562 693 634 718 quos
646 684 772 710 Christus
785 685 918 711 habuisse
931 686 958 710 in
972 694 1053 711 evan-

118 718 193 751 gelio
206 718 317 751 legitur,
331 723 442 752 poterat
456 719 523 751 fieri,
534 719 628 744 statim
639 727 712 752 quae
725 724 888 752 sequuntur,
899 720 1052 745 subiunxit:

117 753 200 785 „Nec
217 753 260 778 his
275 754 424 786 quisquam
441 757 521 786 putet
534 753 681 785 obsistere,
700 753 775 786 quod
793 754 931 779 interdum
945 754 1053 786 (licitur,

119 787 260 812 Christum
277 787 383 813 loculos
402 788 561 814 habuisse.“
597 788 668 812 Nam
687 788 726 812 sic
744 787 804 821 ipse
822 788 957 820 Christus,
975 789 1052 814 cuius

120 821 247 855 perfecta
260 827 323 847 sunt
337 830 430 855 opera,
449 822 476 846 in
494 821 550 846 suis
567 821 676 847 actibus
693 822 767 847 viam
785 822 963 855 perfectionis
977 831 1053 849 exer—

119 856 185 888 cuit,
199 855 276 889 quod
289 855 438 887 interdum,
452 855 624 881 infirmorum
637 856 869 889 imperfectioni³1
883 857 1054 883 condescen-

119 889 199 922 dens,
218 895 245 916 et
262 890 336 915 viam
354 890 535 924 perfectionis
554 890 708 922 extolleret,
726 895 754 916 et
771 891 997 924 imperfectorum
1016 892 1054 917 in-

118 924 211 950 firmas
229 925 344 950 semitas
361 932 417 949 non
436 924 594 950 damnaret:
618 925 657 950 sic
670 930 698 950 et
715 925 885 951 infirmorum
903 934 1054 959 personam

121 958 263 984 Christum
275 959 376 984 asserit
389 959 416 984 in
430 959 526 984 loculis
541 959 710 992 suscepisse.
734 959 811 984 Alias
824 960 1005 993 impertinens
1020 961 1055 986 de

119 993 217 1018 loculis
236 992 334 1018 fuisset
352 993 483 1025 obiectio,
505 993 557 1018 nisi
571 993 763 1024 intellexisset,
783 994 923 1020 Christum
942 995 1055 1020 etiam³²

119 1027 213 1061 quoad
226 1027 428 1061 proprietatem
442 1027 547 1053 loculos
561 1028 702 1053 habuisse.
747 1029 895 1054 Praeterea
908 1029 930 1054 si
950 1029 1054 1055 dicere-

118 1065 170 1093 tur,
193 1061 335 1087 Christum
357 1061 384 1087 in
406 1062 504 1087 loculis
526 1062 660 1087 habuisse
683 1063 876 1088 tantummodo
900 1063 1055 1097 simplicem

117 1104 200 1121 usum
216 1095 295 1121 sacti:
318 1096 419 1121 frustra
437 1096 585 1128 diceretur,
603 1096 679 1130 quod
697 1096 724 1121 in
741 1105 863 1130 persona
885 1097 1055 1123 infirmorum

118 1130 195 1164 ipsos
213 1130 340 1156 Christus
358 1131 485 1156 habuit³³
506 1131 621 1162 loculos,
639 1139 724 1164 quum
741 1131 896 1157 secundum
912 1140 976 1157 eum
993 1140 1054 1165 per-

118 1164 200 1190 fectis
214 1164 299 1190 etiam
312 1165 459 1190 conveniat
477 1165 582 1191 habere
595 1165 750 1198 simplicem
769 1174 850 1191 usum
863 1165 937 1191 facti.
974 1167 1018 1198 Et,
1032 1167 1055 1191 si

119 1203 278 1232 quaeratur,
307 1204 423 1233 propter
448 1207 518 1232 quos
544 1199 667 1224 infirmos
693 1199 760 1225 istos
786 1200 892 1226 loculos
917 1200 1055 1233 habuerit,

118 1233 303 1266 Augustinus,
314 1234 391 1259 cuius
403 1234 508 1259 dictum
521 1233 655 1259 insertum
667 1238 709 1259 est
722 1234 749 1259 in
759 1234 926 1267 Decretisffl,
940 1243 1055 1268 respon-

119 1267 177 1300 det,
198 1268 308 1293 dicens:
328 1268 483 1300 „Habebat
500 1268 638 1293 Dominus
656 1268 762 1293 loculos
781 1277 797 1293 a
814 1268 943 1294 fidelibus
961 1269 1056 1294 oblata

122 1310 302 1334 conservans,
320 1306 348 1328 et
365 1310 478 1328 suorum
495 1302 721 1334 necessitatibus,
744 1307 771 1328 et
788 1303 849 1328 aliis
867 1303 1055 1336 indigentibus

119 1337 289 1362 tribuebat.“
326 1336 409 1362 Unde
427 1337 574 1368 constatffi’,
589 1337 680 1370 ipsum
695 1337 730 1362 de
743 1337 800 1362 suis
813 1337 957 1371 discipulis
971 1338 1055 1363 hoc³⁵⁰

119 1371 251 1396 sensisse.
287 1371 347 1396 Nec
363 1371 426 1403 hoc,
440 1371 546 1396 scilicet
559 1371 587 1396 in
600 1371 739 1396 communi
752 1376 780 1396 et
794 1371 888 1405 quoad
901 1372 1054 1405 proprieta-

120 1410 178 1430 tem
202 1405 296 1438 aliqua
320 1405 434 1438 habere,
457 1405 575 1438 derogat
597 1406 672 1430 iuxta
697 1405 801 1431 dictum
826 1406 954 1439 Gregorii
979 1406 1055 1432 IXst?

121 1439 256 1473 praedicti
271 1439 424 1465 altissimae
440 1439 608 1474 paupertati,
623 1440 670 1473 qui
684 1440 711 1465 in
725 1440 845 1473 quadam
859 1448 910 1465 sua
923 1440 1055 1466 decretali

121 1474 187 1499 dicit
201 1482 343 1507 expresse,
356 1474 456 1499 fratres
473 1474 682 1508 praedicatores
700 1478 728 1500 et
745 1475 867 1500 Minores
881 1474 908 1499 in
921 1475 1056 1500 altissima

119 1513 286 1542 paupertate
297 1508 408 1534 Christo
422 1509 538 1542 pauperi
549 1508 690 1539 famulari3
704 1513 733 1534 et
745 1513 839 1534 tamen
849 1513 967 1541 constat,
978 1509 1055 1543 ipsos

118 1542 329 1568 Praedicatores
342 1543 447 1568 habere
461 1543 488 1568 in
499 1543 638 1568 communi
652 1543 736 1568 etiam
747 1543 841 1576 quoad
854 1544 1055 1577 proprietatem

118 1577 222 1610 aliqua,
243 1577 319 1610 quod
341 1585 438 1603 eorum
459 1577 572 1611 regulae
591 1582 619 1603 et
637 1577 721 1602 statui
738 1585 794 1602 non
811 1582 958 1611 repugnat.
994 1579 1056 1603 Hoc

119 1611 204 1637 etiam
227 1611 396 1643 Alexander,
424 1611 626 1645 praedecessor
649 1616 745 1637 noster
772 1612 913 1645 praefatus
938 1612 967 1637 in
990 1620 1055 1638 con-

121 1646 301 1672 demnatione
315 1646 398 1671 libelli
413 1651 510 1671 contra
523 1650 626 1671 statum
637 1646 863 1671 Praedicatorum
876 1651 904 1672 et
916 1647 1056 1672 Minorum

120 1680 188 1706 editi
201 1680 312 1705 videtur
325 1680 458 1711 sensisse,
470 1681 497 1705 in
508 1689 563 1713 qua
576 1680 727 1714 aliquando
734 1680 774 1698 33*
786 1680 821 1706 de
832 1681 913 1706 dictis
924 1681 1055 1706 fratribus

121 1723 194 1748 quae
220 1719 375 1748 sequuntur
399 1715 549 1747 subiunxit,
572 1723 658 1748 quum
681 1714 825 1748 insuper39
848 1715 1055 1748 respondetw‘,

120 1748 196 1782 quod
218 1749 303 1774 iidem
325 1748 424 1775 fratres
446 1749 538 1774 omnia
563 1754 678 1782 propter
699 1750 794 1774 Deum
816 1749 1055 1783 dereliquerintss,

120 1783 217 1810 exsilia
238 1783 312 1809 vitae
330 1783 455 1809 subsidia
471 1783 672 1816 mendicantes,
695 1783 895 1817 Christumque
913 1784 1055 1810 imitentur

119 1826 282 1852 pauperem,
296 1817 498 1851 perfectionem
512 1818 702 1851 evangelicam
715 1817 911 1851 amplexando.
938 1819 1056 1852 Propter

121 1852 197 1886 quod
210 1852 356 1877 evidenter
365 1857 492 1886 apparet,
504 1860 552 1877 eos
563 1861 620 1878 non
630 1853 721 1878 solum
733 1852 761 1877 in
775 1856 848 1877 statu
858 1853 1055 1878 salvandorum

119 1886 263 1917 exsistere,
277 1886 328 1912 sed
341 1887 426 1912 etiam
440 1886 639 1920 perfectorum,
652 1891 681 1912 et
697 1895 747 1920 per
765 1895 832 1912 suae
849 1886 992 1920 religionis
1007 1888 1055 1913 ob-

120 1921 298 1952 servantiam,
321 1929 393 1954 quae
419 1921 533 1954 quidem
558 1921 644 1955 ipsius
670 1920 850 1954 perfectionis
876 1922 1055 1955 evangelicae

120 1960 197 1981 tenet
219 1955 346 1987 sormam,
368 1955 396 1980 in
417 1960 549 1981 aeternae
572 1955 762 1981 retributionis
784 1955 909 1989 praemio
931 1957 1055 1989 praecel-

118 1990 223 2015 lentem
236 1989 353 2022 gloriam
363 1990 525 2023 promereri.
551 1990 607 2015 Ubi
621 1989 735 2023 quidem
745 1997 878 2023 expresse
889 1989 964 2022 dicit,
974 1991 1055 2016 Prae-

120 2024 259 2050 dicatores
271 2024 411 2049 Christum
424 2032 580 2058 pauperem
590 2024 698 2056 imitari,
709 2024 843 2057 ipsosque
854 2024 1056 2058 perfectionem

120 2059 311 2092 evangelicam
332 2059 494 2092 amplexari,
512 2064 539 2084 et
562 2059 589 2083 in
607 2063 680 2084 statu
703 2058 837 2084 exsistere
856 2058 1055 2091 perfectorum,

121 2093 255 2127 quodque
274 2093 399 2126 ipsorum
416 2093 558 2126 religionis
576 2092 754 2118 observantia
776 2091 956 2125 perfectionis
973 2101 1055 2118 evan—

119 2128 227 2161 gelicae
241 2132 317 2152 tenet
331 2127 463 2158 sormann
477 2132 505 2153 et
519 2132 612 2153 tamen
625 2132 744 2158 constat,
758 2127 835 2161 ipsos
853 2127 958 2152 habere
971 2136 1056 2161 posse

120 2162 205 2188 etiam
223 2161 316 2195 quoad
338 2161 538 2195 proprietatem
559 2161 652 2195 aliqua
673 2162 748 2187 iuxta
769 2169 868 2186 eorum
885 2162 1011 2195 regulam
1029 2162 1055 2187 in

120 2196 268 2222 communi.
305 2196 362 2221 Nec
387 2196 494 2228 obstat,
520 2195 597 2229 quod
622 2195 730 2227 dicunt,
755 2196 946 2221 Innocentium
976 2196 1055 2229 (alias

121 2230 323 2263 Coelestinum)
353 2230 479 2263 quintum
509 2230 758 2264 praedecessorem
787 2234 913 2255 nostrum
942 2230 1055 2262 dixisse,

119 2265 203 2291 altam
228 2269 424 2298 paupertatem
446 2273 518 2297 esse,
548 2265 652 2290 habere
682 2273 771 2298 pauca
800 2264 912 2298 propria
941 2270 1056 2298 propter

119 2300 224 2330 Deum;
247 2299 384 2330 altiorem,
399 2307 470 2332 quae
488 2299 562 2324 nulla
580 2299 665 2324 habet
683 2299 805 2332 propria,
818 2303 912 2324 tamen
929 2299 1015 2325 habet
1028 2299 1055 2324 in

119 2333 271 2363 communi;
294 2333 467 2364 altissimam,
481 2341 554 2367 quae
572 2333 640 2358 nihil
657 2333 743 2358 habet
760 2333 787 2358 in
806 2333 859 2358 hoc
876 2333 990 2365 mundo,
1004 2341 1055 2359 nec

119 2369 147 2394 in
169 2367 291 2402 proprio,
308 2376 360 2393 nec
383 2367 409 2392 in
429 2367 577 2393 communi.
614 2367 739 2393 Dicimus
762 2367 885 2400 quidem,
904 2367 980 2400 quod
1002 2368 1055 2393 hoc

118 2402 226 2434 dixerit,
244 2410 299 2427 non
317 2407 347 2427 ut
365 2402 449 2436 Papa,
463 2402 513 2427 sed
532 2406 561 2427 ut
580 2401 666 2427 frater
682 2402 779 2427 Petrus
798 2401 833 2427 de
850 2402 1015 2427 Tarantasia
1028 2402 1055 2427 in

119 2437 241 2471 quadam
259 2437 371 2469 postilla
385 2444 444 2468 sua,
459 2445 546 2469 quare
559 2436 634 2461 dicta
652 2436 869 2469 praemissorum
883 2444 1054 2461 summorum

119 2471 283 2497 Pontificum
297 2476 360 2496 sunt
374 2471 398 2496 ei
411 2471 511 2496 merito
526 2470 718 2504 praeferenda.
756 2470 858 2495 Dicunt
872 2470 965 2502 etiam,
979 2470 1055 2504 quod

117 2505 272 2540 Apostolus
291 2505 325 2531 de
349 2505 395 2530 tali
418 2504 554 2530 altissima
571 2505 693 2538 loquitur
717 2509 893 2538 paupertate,
916 2504 1052 2530 (licens·¹²:

119 2541 177 2573 „Et
191 2540 325 2565 altissima
338 2545 488 2573 paupertas
502 2547 599 2565 eorum
611 2538 764 2564 abundavit
782 2539 809 2564 in
827 2538 936 2564 divitias
950 2538 1054 2572 simpli—

119 2575 209 2600 citatis
224 2576 350 2600 eorum.“
376 2574 458 2607 Quod
472 2573 616 2599 evidenter
627 2578 670 2599 est
684 2573 794 2605 salsum,
806 2573 871 2606 quia
883 2573 921 2598 ibi
935 2573 1055 2606 loquitur

119 2609 155 2635 de
169 2613 334 2643 paupertate
351 2608 549 2639 Macedonum,
564 2608 610 2641 qui
629 2608 713 2633 etiam
731 2607 758 2632 in
773 2607 885 2641 speciali
898 2607 973 2632 bona
986 2612 1054 2633 tern-

119 2644 225 2678 poralia
238 2643 412 2674 obtinebant,
426 2642 462 2668 de
476 2642 577 2675 quibus
591 2642 744 2675 Apostolus
757 2641 866 2673 asserit,
882 2641 958 2674 quod
972 2650 1055 2675 supra

118 2678 191 2704 vires
206 2686 269 2703 suas
283 2677 415 2702 miserant
429 2676 622 2709 eleemosynas
637 2676 749 2701 sanctis.
787 2676 869 2709 Quod
883 2681 975 2701 autem
989 2676 1054 2702 dici-

119 2718 163 2738 tur
181 2713 208 2738 in
226 2711 414 2737 declaratione
433 2711 537 2736 Nicolai
557 2710 783 2744 praedecessoris
806 2710 892 2735 nostri
911 2710 1054 2743 contineri,

121 2747 197 2781 quod
215 2746 313 2772 fratres
332 2746 454 2771 Minores
473 2745 499 2770 in
517 2745 610 2777 rebus,
625 2753 697 2778 quae
716 2745 756 2771 eis
775 2744 936 2776 obveniunt,
950 2745 1055 2770 habent

119 2786 226 2807 tantum
243 2780 398 2814 simplicem
415 2788 496 2805 usum
514 2779 592 2805 sacti:
615 2779 743 2811 dicimus,
757 2779 843 2812 quod,
857 2778 880 2804 si
899 2779 959 2812 ipse
974 2779 1052 2805 intel-

118 2816 218 2842 lexerit
231 2815 384 2849 simplicem
396 2822 477 2840 usum
491 2813 555 2839 facti
570 2813 742 2839 denudatum
753 2813 828 2839 omni
840 2813 907 2845 iure,
919 2813 966 2845 ita,
976 2813 1053 2847 quod

119 2850 219 2877 fratres
233 2850 285 2884 ipsi
299 2857 349 2875 seu
362 2849 431 2874 ordo
445 2848 551 2874 nullum
564 2848 606 2874 ius
619 2848 742 2874 habeant
759 2847 866 2880 utendi,
879 2848 932 2873 hoc
949 2852 992 2874 est
1009 2856 1054 2874 ex-

169 2955 222 2974 Tit.
237 2955 295 2974 XIV.
328 2953 390 2977 Cap.
405 2953 432 2973 V.
459 2951 620 2976 ss)etsim1›l.:
635 2951 660 2971 fb.
719 2951 752 2975 29)
762 2957 829 2975 quum
841 2951 868 2971 do
878 2951 993 2971 usufructu
1003 2951 1053 2975 (usu

118 2981 182 3000 facti:
197 2981 224 3004 Β)
234 2980 342 3004 simplici:
357 2979 382 2998 ιὸ.
461 2980 495 3001 ³0)
506 2978 624 2997 habentur:
639 2978 665 2996 ι’ὺ.
749 2979 783 3000 31)
795 2978 1012 3001 imperfectionibus:
1027 2978 1053 2997 ιἸι.

117 3008 151 3030 32)
162 3009 194 3026 et:
209 3006 249 3025 ΑΜ
300 3006 333 3029 33)
344 3005 458 3024 habuerit:
474 3004 509 3023 ,1Ιί
561 3004 594 3028 34)
605 3010 622 3023 c.
634 3005 665 3023 17.
675 3004 695 3023 C.
707 3003 755 3022 ΧΠ.
765 3009 800 3028 qu.
811 3005 828 3022 l.
886 3004 919 3027 35)
930 3006 1001 3027 patet:
1015 3003 1057 3023 BH

117 3033 151 3058 35)
166 3034 188 3052 et
201 3032 252 3051 aliis
267 3031 445 3056 intelligentibus
460 3030 513 3049 hoc:
531 3030 558 3049 fh.
636 3030 670 3053 37)
680 3029 710 3054 cs.
727 3035 744 3049 c.
756 3030 786 3048 16.
801 3029 826 3048 dc
840 3035 882 3049 exc.
893 3029 960 3054 prael.
976 3030 1003 3054 (5,
1014 3029 1055 3054 ³1.)

195 3075 281 3100 Corpus
296 3075 338 3094 iur.
353 3079 403 3094 can.
430 3073 468 3093 Ed.
483 3072 600 3098 Fru'cdbery.
628 3073 654 3092 T.
669 3073 697 3092 Π.

391 195 609 221 EXTRAVAG.
627 195 752 222 lOANN.
769 195 856 222 XXII.
874 195 944 222 TIT.
964 195 1036 222 XIV.
1056 196 1107 222 DE
1125 195 1335 223 VERBORUM
1353 196 1656 223 SIGNIFICATIONE.
1676 204 1698 222 c.
1718 203 1742 230 5.

1957 194 2023 222 1234

1088 282 1185 307 presse
1199 279 1294 300 contra
1307 274 1525 301 declarationem
1536 274 1674 307 Gregorii,
1685 274 1787 306 innoc„
1797 273 1887 306 Alex„
1897 280 2021 298 summo-

1088 317 1148 334 rum
1170 309 1270 334 Pontis.
1292 309 1508 343 praedictorum,
1530 309 1631 343 quibus
1656 316 1799 342 expresse,
1822 307 1899 342 quod
1923 307 2020 332 talium

1088 343 1224 369 bonorum
1241 343 1309 369 ordo
1328 352 1408 369 usum
1425 344 1537 375 habeat,
1550 343 1720 369 continetur:
1743 342 1819 376 quod
1837 342 1873 368 de
1886 350 1938 368 usu
1955 341 2020 367 iuris

1088 382 1131 402 est
1145 378 1357 411 intelligendum
1370 379 1540 410 necessario,
1551 383 1580 403 ut
1591 377 1718 411 superius
1729 382 1772 403 est
1782 377 1940 411 probatum.
1964 375 2022 401 Ad-

1088 412 1141 437 huc
1168 412 1298 444 dicimus,
1325 413 1401 446 quod
1427 413 1499 438 est⁴³
1524 413 1578 438 hoc
1600 411 1786 445 impossibile,
1814 411 1920 437 scilicet
1941 418 2022 435 usum

1088 446 1152 471 sacti
1170 447 1325 480 simplicem
1342 447 1450 480 absque
1468 447 1526 472 iure
1543 447 1646 480 aliquo,
1661 446 1748 479 (quod
1765 445 1831 471 nihil
1848 445 1924 471 aliud
1937 452 2021 478 quam

1089 480 1180 513 ipsum
1198 481 1237 506 uti
1256 481 1367 515 proprie
1386 486 1479 515 potest
1497 481 1571 514 dici,)
1586 489 1671 514 posse
1684 481 1710 505 in
1723 488 1753 506 re
1766 480 1860 513 aliqua
1873 479 1957 506 etiam
1970 486 2022 503 usu

1088 523 1144 539 non
1167 515 1374 549 consumptibili
1399 516 1434 541 ab
1461 515 1555 548 aliquo
1580 515 1708 546 obtineri,
1731 519 1813 548 prout
1837 514 1864 539 in
1890 512 2023 539 decretali

1088 549 1156 580 „Ad
1169 550 1343 575 conditorem
1362 551 1527 581 canonum,“
1541 554 1583 575 est
1597 549 1754 583 probatum,
1769 553 1796 574 et
1809 548 1982 581 Augustinus
1995 547 2023 572 in

1088 583 1182 608 libsss·
1192 584 1239 609 XI.
1251 584 1286 609 de
1297 589 1359 609 actu
1371 588 1447 610 tenet
1458 592 1599 617 expresse.
1625 585 1772 609 Praeterea
1783 583 1806 608 si
1817 581 2024 616 simpliciter⁴⁵·

1089 626 1154 643 usus
1168 617 1325 644 denudatus
1339 619 1374 644 ab
1389 618 1463 643 omni
1477 618 1535 644 iure
1552 618 1649 643 haberi
1669 621 1765 651 posset
1778 617 1813 642 ab
1827 617 1935 650 aliquo:
1958 623 2022 641 con-

1089 656 1153 684 stat,
1178 652 1255 685 quod
1276 657 1354 678 actus
1376 652 1473 678 utendi
1495 652 1654 677 huiusmodi
1677 656 1752 677 esset
1773 650 1946 685 reputandus
1968 658 2023 675 non

1088 686 1185 718 iustus,
1196 694 1283 720 quum
1296 687 1341 712 ille
1355 695 1421 712 usus
1434 686 1526 718 suerit,
1537 687 1579 711 cui
1594 686 1635 711 ius
1648 694 1703 711 non
1717 685 1897 719 competebat
1911 684 2022 715 utendi;

1089 728 1155 746 usus
1173 726 1267 746 autem
1284 729 1340 746 non
1357 721 1444 746 iustus
1462 721 1498 746 ad
1520 720 1700 754 perfectionis
1720 724 1823 745 statum
1844 727 2024 753 nequaquam

1089 755 1248 788 pertinetffi,
1261 763 1313 780 nec
1327 755 1491 789 perfectioni
1504 755 1610 788 aliquid
1623 754 1726 786 adiicit,
1736 754 1787 780 sed
1801 754 1853 779 sibi
1867 761 2024 787 repugnare

1089 789 1181 822 potius
1203 790 1326 815 noscitur
1346 789 1504 815 manifeste.
1541 789 1625 822 Quod
1647 793 1741 814 autern
1763 796 1844 813 usum
1866 789 1951 813 talem
1968 795 2024 812 non

1090 823 1193 848 iustum
1207 824 1334 849 conditor
1347 824 1460 849 canonis
1471 823 1601 849 fratribus
1616 823 1683 856 ipsis
1695 823 1861 848 intellexerit
1872 829 2025 853 reservare,

1090 858 1235 891 probabile
1248 866 1304 883 non
1316 858 1435 884 videtur.
1466 859 1562 890 Immo,
1577 857 1653 891 quod
1667 857 1702 882 de
1717 857 1788 882 iusto
1802 856 1977 887 intellexerit,
1991 864 2025 881 ex

1090 900 1124 917 eo
1141 896 1235 925 potest
1253 892 1410 918 evidentius
1428 900 1575 926 apparere,
1594 891 1670 925 quod
1687 891 1714 916 in
1732 891 1832 916 eadem
1850 890 2025 916 ordinatione

1089 925 1192 958 adiicit,
1210 926 1286 959 quod
1308 927 1416 952 illarum
1434 935 1525 952 rerum
1543 926 1677 951 duntaxat
1694 925 1721 950 in
1739 933 1769 951 se
1782 929 1810 950 et
1827 925 1911 950 etiam
1924 925 2025 950 Roma-

1089 968 1153 985 nam
1175 961 1324 986 ecclesiam
1349 961 1502 994 recipiebat
1527 960 1689 992 dominium,
1713 967 1830 993 quarum
1855 967 1936 984 usum
1960 958 2026 984 facti

1089 995 1185 1020 liceret
1206 995 1310 1021 habere
1328 995 1460 1020 fratribus
1478 1003 1528 1021 seu
1546 994 1636 1020 ordini
1655 998 1719 1019 ante
1739 993 1829 1025 dictis,
1843 993 2025 1026 subiungens,

1091 1029 1166 1062 quod
1179 1037 1235 1054 non
1247 1037 1340 1055 rerum
1353 1029 1476 1055 omnium
1494 1037 1575 1055 usum
1592 1029 1697 1054 habere
1711 1027 1833 1053 debeant
1851 1027 1949 1053 fratres
1963 1026 2026 1060 ipsi.

1091 1064 1230 1096 Quantum
1243 1068 1338 1089 autem
1355 1063 1392 1089 ad
1405 1072 1486 1089 usum
1503 1063 1568 1089 facti
1582 1063 1738 1097 simplicem
1756 1062 1864 1095 absque
1877 1061 1953 1087 omni
1967 1062 2025 1086 iure

1090 1097 1187 1123 utendi
1205 1098 1315 1123 attinet:
1338 1098 1414 1123 nulla
1426 1106 1519 1123 rerum
1532 1101 1626 1131 potest
1640 1096 1747 1122 censeri
1761 1096 1919 1122 differentia
1932 1095 2027 1129 quoad

1090 1131 1199 1157 fratres.
1236 1132 1281 1158 Sic
1299 1133 1374 1158 enim
1391 1132 1429 1157 uti
1448 1132 1483 1158 de
1500 1132 1575 1157 facto
1592 1136 1712 1165 possunt
1733 1130 1891 1164 prohibitis,
1913 1135 1943 1155 ut
1964 1138 2026 1163 per-

1091 1166 1192 1191 missis.
1229 1166 1271 1191 Ex
1283 1175 1339 1200 quo
1352 1166 1487 1200 sequitur,
1502 1166 1578 1200 quod
1597 1174 1663 1191 usus
1680 1165 1753 1197 facti,
1768 1165 1803 1190 de
1818 1173 1873 1198 quo
1887 1164 2025 1190 ordinatio

1090 1200 1220 1233 loquitur,
1235 1200 1331 1226 detali
1349 1201 1465 1234 intelligi
1483 1200 1596 1232 debeat,
1615 1200 1661 1234 qui
1683 1200 1771 1225 iustus
1790 1199 1834 1231 sit,
1852 1204 1879 1225 et
1901 1207 1951 1233 pro
1970 1207 2025 1232 quo

1090 1239 1232 1268 competat
1254 1234 1295 1260 ius
1314 1235 1420 1261 utendi.
1456 1235 1491 1260 Et
1509 1235 1570 1269 ipse
1587 1234 1699 1260 videtur
1715 1234 1844 1259 conditor
1861 1233 1975 1258 canonis
1994 1241 2027 1258 ex

1090 1277 1124 1294 eo
1142 1268 1227 1294 etiam
1245 1269 1377 1301 sensisse,
1395 1269 1472 1303 quod
1493 1269 1520 1294 in
1537 1269 1639 1295 eadem
1653 1268 1827 1294 ordinatione
1845 1267 2027 1305 subiunxerit,

1091 1303 1167 1336 quod
1179 1303 1341 1329 moderatus
1355 1312 1422 1329 usus
1435 1304 1463 1329 in
1480 1304 1610 1337 expensis
1626 1303 1702 1337 prius
1716 1303 1799 1328 rebus
1813 1302 1881 1336 ipsis
1895 1302 2026 1327 fratribus

1090 1342 1133 1363 est
1147 1345 1307 1363 concessus.
1343 1338 1450 1363 Rursus
1464 1338 1673 1371 impugnatores
1691 1337 1921 1363 constitutionum
1933 1337 2027 1361 huius-

1091 1371 1167 1397 modi
1187 1380 1314 1398 asserere
1337 1373 1448 1406 publice
1466 1372 1657 1406 perhibentur,
1676 1371 1752 1405 quod
1770 1371 1895 1397 libellum
1911 1375 1941 1396 et
1953 1371 2027 1396 dicta

1090 1406 1296 1439 magistrorum,
1321 1407 1516 1439 asserentium,
1543 1406 1644 1432 dictam
1670 1410 1866 1440 paupertatem
1891 1409 1919 1431 et
1942 1405 2028 1430 vitam

1091 1440 1228 1466 dictorum
1252 1441 1368 1467 fratrum
1393 1449 1449 1466 non
1478 1449 1542 1467 esse
1566 1440 1756 1474 evangelicam
1780 1445 1808 1466 et
1832 1439 2027 1473 apostolicam,

1091 1475 1191 1500 summi
1208 1475 1357 1501 Pontifices
1380 1475 1592 1507 damnaverunt,
1610 1474 1761 1500 districtius
1782 1482 1834 1508 per
1854 1474 2025 1508 apostolicas

1091 1509 1185 1534 literas
1199 1509 1368 1541 inhibentes,
1380 1518 1416 1535 ne
1430 1510 1579 1543 quisquam
1597 1509 1752 1543 praemissa
1764 1509 1809 1534 vel
1825 1508 1932 1542 aliquid
1945 1516 2025 1542 prae—

1090 1543 1240 1569 missorum
1257 1544 1459 1570 contumaciter
1476 1545 1630 1576 adstruere,
1646 1552 1696 1569 seu
1714 1543 1929 1577 quomodolibet
1946 1550 2026 1576 prae—

1091 1582 1214 1603 sumeret
1227 1578 1385 1611 defensare,
1396 1583 1561 1611 statuentes,
1573 1578 1649 1611 quod
1661 1585 1844 1612 praesumens
1858 1576 2027 1602 contrarium

1091 1617 1224 1646 tanquam
1246 1617 1403 1645 contumax,
1426 1613 1562 1639 ecclesiae
1584 1613 1729 1638 Romanae
1750 1611 1872 1644 rebellis,
1893 1619 1926 1637 ac
1950 1611 2028 1636 ut47⁸

1090 1647 1247 1672 haereticus
1260 1647 1420 1673 haberetur.
1444 1647 1490 1672 Ad
1504 1647 1581 1681 quod
1594 1647 1720 1678 dicimus,
1733 1646 1919 1672 assertionem
1933 1646 2026 1671 huius-

1090 1681 1166 1706 modi
1185 1681 1285 1707 falsam
1302 1690 1375 1708 esse.
1411 1682 1474 1707 Non
1491 1682 1565 1707 enim
1579 1681 1736 1707 continetur
1749 1680 1777 1706 in
1789 1680 1930 1706 sententia
1943 1688 2028 1714 supra

1091 1715 1173 1747 dicta,
1198 1716 1275 1749 quod
1296 1721 1392 1742 contra
1413 1716 1518 1742 faciens
1541 1720 1571 1741 ut
1591 1715 1750 1741 haereticus
1771 1715 1931 1747 haberetur,
1953 1722 2026 1748 quae

1091 1749 1206 1783 quidem
1228 1750 1322 1783 quoad
1343 1751 1397 1776 hoc
1419 1751 1544 1776 continet
1566 1758 1639 1783 quae
1661 1754 1827 1783 sequuntur:
1852 1749 1934 1781 „Nos
1952 1748 2027 1774 enim

1089 1784 1267 1810 nihilominus
1287 1785 1452 1811 auctoritate
1474 1784 1664 1818 praesentium
1686 1783 1836 1809 districtius
1859 1783 2026 1815 inhibemus,

1089 1826 1124 1844 ne
1142 1819 1292 1852 quisquam
1309 1819 1466 1853 praemissa
1482 1819 1527 1845 vel
1544 1819 1660 1852 aliquod
1673 1818 1892 1852 praemissorum
1905 1817 2026 1851 pertina—

1090 1853 1159 1878 citer
1171 1861 1299 1879 asserere
1311 1854 1356 1879 vel
1370 1853 1585 1887 quomodolibet
1602 1853 1751 1879 defensare
1764 1856 1934 1886 praesumat.
1961 1852 2026 1885 Qui-

1090 1895 1201 1920 cunque
1224 1896 1291 1913 vero
1321 1888 1375 1914 hoc
1403 1888 1637 1922 praesumpserit,
1663 1892 1796 1920 tanquam
1825 1891 1973 1912 contumax
1999 1891 2027 1912 et

1090 1922 1227 1947 ecclesiae
1240 1922 1385 1948 Romanae
1398 1922 1511 1948 rebellis
1525 1922 1560 1948 ab
1574 1922 1703 1947 omnibus
1718 1921 1847 1947 fidelibus
1861 1921 2025 1946 habeatur.“

1091 1956 1199 1981 Nonw
1211 1956 1263 1981 fuit
1275 1957 1425 1989 adiectum,
1437 1956 1514 1990 quod
1524 1961 1554 1981 ut
1566 1956 1722 1982 haereticus
1736 1956 1896 1987 haberetur,
1907 1960 1937 1980 ut
1950 1959 2028 1989 patet

1091 1990 1118 2015 in
1131 1990 1203 2016 serie
1221 1991 1378 2016 sententiae
1396 1990 1638 2016 condemnationis
1656 1989 1827 2024 praedictae.
1863 1990 1970 2015 Rursus
1983 1997 2025 2015 as-

1091 2024 1213 2050 seruisse
1235 2025 1363 2050 dicuntur
1385 2025 1496 2058 publice
1514 2025 1673 2050 huiusmodi
1691 2029 1857 2056 assertores,
1879 2023 1957 2057 quod
1978 2024 2027 2049 ab·

1091 2058 1192 2084 dicatio
1215 2058 1281 2084 iuris
1300 2059 1327 2084 in
1350 2060 1540 2093 cuiuscunque
1558 2059 1598 2084 rei
1616 2058 1787 2092 proprietate
1805 2062 1833 2083 et
1851 2058 1878 2083 in
1896 2066 1947 2083 usu
1965 2057 2026 2083 eius

1091 2097 1134 2118 est
1147 2097 1243 2118 sancta
1255 2098 1284 2119 et
1295 2093 1437 2118 meritoria
1450 2097 1566 2127 propter
1575 2093 1676 2125 Deum,
1687 2097 1715 2118 et
1727 2101 1744 2118 a
1755 2092 1865 2118 Christo
1879 2092 1907 2117 in
1919 2100 1950 2117 se
1964 2092 2025 2125 ipso

1091 2132 1210 2159 servata,
1223 2127 1369 2161 Apostolis
1387 2127 1527 2161 imposita,
1541 2132 1568 2153 et
1585 2127 1621 2152 ab
1637 2127 1706 2161 ipsis
1724 2127 1776 2152 sub
1789 2131 1855 2152 voto
1872 2130 2026 2160 assumpta.

1091 2162 1149 2187 Nec
1170 2167 1286 2195 propter
1307 2162 1360 2187 hoc
1383 2170 1449 2187 usus
1472 2162 1537 2187 sacti
1556 2161 1592 2187 ad
1610 2161 1844 2187 sustentationem
1864 2165 1980 2186 naturae
1998 2160 2026 2186 in

1091 2196 1201 2221 Christo
1215 2200 1243 2221 et
1256 2196 1400 2230 Apostolis
1414 2196 1586 2222 convincitur
1603 2204 1666 2222 esse
1684 2204 1739 2221 non
1757 2195 1856 2227 iustus,
1874 2195 1925 2221 sed
1947 2200 2024 2220 tanto

1091 2229 1189 2255 iustior
1205 2234 1290 2264 atque
1308 2230 1467 2264 perfectior,
1481 2235 1508 2256 et
1525 2231 1588 2256 Deo
1606 2230 1756 2264 acceptior,
1770 2234 1797 2256 et
1814 2229 1919 2255 mundo
1933 2237 2026 2255 exem-

1091 2265 1202 2298 plarior,
1222 2270 1327 2298 quanto
1350 2265 1458 2298 plenius
1481 2265 1672 2291 renunciatum
1693 2264 1775 2290 fuerit
1797 2264 1871 2289 omni
1893 2263 1953 2295 iuri,
1975 2271 2026 2297 per

1091 2298 1167 2332 quod
1180 2303 1276 2332 potest
1289 2300 1328 2324 sic
1342 2303 1422 2324 utens
1437 2307 1487 2333 pro
1500 2307 1552 2325 usu
1566 2299 1725 2324 huiusmodi
1737 2298 1951 2332 quomodolibet
1961 2306 2025 2323 con-

1090 2333 1207 2358 tendere
1221 2333 1265 2359 vel
1283 2334 1309 2358 in
1327 2333 1429 2359 iudicio
1447 2333 1564 2367 litigare.
1601 2334 1681 2367 Quae
1700 2333 1814 2367 quidem
1828 2332 1946 2358 assertio
1960 2340 2024 2358 con-

1091 2367 1159 2392 tinet
1181 2367 1267 2393 multa
1288 2367 1368 2400 falsa,
1387 2376 1473 2401 quum
1495 2376 1588 2402 neque
1606 2368 1748 2394 Christum
1770 2367 2025 2401 expropriationem

1090 2401 1263 2435 praedictam
1277 2402 1367 2427 omnis
1381 2402 1446 2428 iuris
1460 2402 1488 2428 in
1501 2403 1690 2436 cuiuscunque
1704 2402 1743 2428 rei
1760 2401 1942 2436 proprietate,
1956 2405 1984 2426 et
1997 2401 2025 2426 in

1090 2435 1148 2462 eius
1163 2444 1213 2461 usu
1228 2436 1254 2461 in
1265 2444 1296 2462 se
1306 2445 1443 2469 servasse,
1454 2445 1505 2463 nec
1515 2445 1578 2463 eam
1589 2436 1756 2470 imposuisse
1767 2435 1921 2469 Apostolis,
1931 2443 2024 2468 neque

1090 2470 1141 2495 sub
1155 2475 1221 2495 voto
1234 2470 1270 2496 ab
1284 2471 1351 2504 ipsis
1365 2470 1453 2497 fuisse
1466 2476 1618 2505 receptam,
1632 2470 1794 2503 evangelica
1807 2478 1856 2496 seu
1870 2469 2024 2503 apostolica

1090 2504 1191 2530 doceat
1204 2504 1327 2537 historia,
1339 2505 1390 2530 sed
1403 2506 1571 2531 contrarium
1581 2505 1738 2531 evidentius
1748 2504 1918 2530 manifestat.
1942 2503 2025 2537 Quod

1090 2543 1183 2564 autern
1197 2538 1224 2564 in
1241 2539 1386 2573 praedicta
1398 2540 1554 2566 assertione
1567 2539 1703 2571 adiicitur,
1717 2538 1794 2573 quod
1808 2546 1858 2572 per
1870 2538 2023 2564 abdicatio·

1089 2581 1154 2598 nem
1167 2573 1232 2599 iuris
1246 2573 1390 2607 praedicti,
1404 2574 1534 2600 videlicet
1548 2573 1737 2608 proprietatis,
1748 2573 1816 2599 1349·
1830 2581 1896 2598 usus
1908 2572 1974 2598 facti
1987 2572 2024 2598 ad

1090 2608 1322 2634 sustentationem
1346 2612 1462 2634 naturae
1484 2608 1512 2634 in
1535 2609 1645 2634 Christo
1668 2612 1696 2634 et
1717 2607 1860 2642 Apostolis
1882 2615 1938 2632 non
1959 2614 2024 2632 con-

1090 2641 1208 2667 vincitur
1225 2650 1288 2668 esse
1306 2651 1362 2668 non
1379 2642 1477 2675 iustus,
1491 2642 1542 2668 sed
1559 2647 1636 2668 tanto
1655 2641 1753 2667 iustior
1769 2646 1832 2673 etc.,
1846 2640 2024 2675 impossibili-

1089 2680 1175 2702 tatem
1189 2676 1313 2709 includit,
1326 2681 1354 2702 et
1367 2685 1490 2703 errorem
1504 2676 1607 2702 dictum
1620 2675 1780 2702 huiusmodi
1794 2675 1946 2702 evidenter.
1972 2676 2023 2701 Im-

1090 2710 1223 2744 possibile
1233 2710 1307 2737 enim
1318 2716 1369 2743 est,
1376 2716 1469 2737 actum
1479 2711 1630 2736 humanum
1640 2711 1825 2736 extrinsecum
1836 2717 1900 2735 esse
1911 2709 2023 2742 iustum,

1089 2744 1112 2770 si
1130 2753 1262 2771 exercens
1280 2750 1372 2771 actum
1390 2746 1481 2779 ipsum
1499 2745 1605 2771 nullum
1622 2745 1664 2770 ius
1682 2745 1785 2770 habeat
1802 2744 1925 2769 illum5⁰⁸
1946 2752 2024 2770 exer-

1089 2779 1182 2804 cendi:
1205 2779 1290 2805 immo
1304 2788 1359 2805 non
1372 2780 1461 2805 iustus
1475 2788 1525 2805 seu
1543 2780 1659 2805 iniustus
1676 2779 1834 2805 necessario
1852 2778 2024 2805 convincitur

1089 2813 1151 2839 talis
1165 2822 1241 2840 usus.
1270 2815 1348 2847 Item,
1362 2819 1406 2840 est
1419 2813 1571 2840 absurdum
1583 2818 1613 2840 et
1625 2821 1782 2846 erroneum,
1796 2812 1872 2847 quod
1884 2817 1962 2839 actus
1975 2813 2024 2839 ali—

1089 2847 1175 2881 cuius,
1188 2856 1244 2874 non
1257 2848 1388 2875 habentis
1401 2848 1444 2874 ius
1457 2852 1550 2874 actum
1563 2847 1722 2874 huiusmodi
1735 2846 1864 2880 faciendi,
1877 2847 1914 2873 sit
1926 2847 2024 2874 iustior

1089 2951 1122 2977 88)
1133 2951 1257 2976 loquendo:
1272 2951 1331 2971 ‚um
1363 2951 1396 2975 ³9)
1407 2956 1489 2975 nuper:
1503 2950 1519 2970 A
1558 2951 1592 2976 40)
1603 2957 1660 2976 resp.
1670 2951 1741 2976 quod:
1755 2950 1822 2971 deest:
1836 2950 1896 2971 AM!
1932 2951 1966 2977 41)
1976 2951 2026 2973 roll·

1090 2979 1188 3002 querint:
1203 2977 1239 2997 AB
1272 2979 1306 2997 «12)
1317 2979 1332 2996 1.
1343 2978 1386 2997 cor.
1397 2978 1456 3001 vm,
1467 2980 1486 2997 2⁸.
1521 2977 1555 3002 48)
1565 2984 1615 2997 eum
1626 2978 1678 2997 hoc:
1688 2977 1743 2997 male
1752 2976 1818 2997 Ridet.
1853 2978 1888 3001 44)
1897 2977 1960 2998 adds
1974 2984 2026 2998 eou-

1092 3005 1212 3023 fesslonum
1224 3004 1275 3023 lib.:
1290 3004 1315 3022 fb.
1360 3004 1394 3026 »15)
1404 3003 1510 3028 simplex:
1525 3004 1552 3022 ib.
1595 3004 1630 3028 40)
1640 3004 1774 3028 pertineret:
1788 3002 1829 3023 AM
1864 3004 1899 3029 47)
1909 3006 1944 3024 ut:
1959 3005 2029 3025 deest:

1092 3029 1150 3049 ΑΒΜ
1200 3030 1235 3054 48)
1246 3029 1308 3048 add.:
1318 3031 1404 3049 nutem:
1418 3029 1444 3048 ὦ.
1489 3029 1523 3054 49)
1533 3031 1554 3050 et
1564 3030 1624 3050 elus:
1634 3029 1659 3049 fb.
1704 3030 1737 3054 50)
1748 3029 1814 3049 illud:
1829 3029 1856 3049 n'b.

1716 3062 1748 3090 78
