2243 3288
200 236 252 264 253

203 315 326 342 nobilem
339 314 426 341 virum
438 315 507 341 GA-
520 315 550 340 de
565 315 708 341 Guercln'a5
722 315 898 341 detentorem
911 314 994 340 castri
1009 313 1141 347 Segreffl,

203 350 311 376 ratione
325 349 442 375 dotalitii
460 350 626 384 pertinentis
646 350 683 375 ad
696 351 794 384 ipsam,
809 358 865 384 quo
883 357 933 383 per
946 357 1010 375 eum
1023 349 1068 374 vel
1081 348 1141 374 eius

204 384 354 418 complices
369 389 464 410 contra
477 384 611 410 iustitiam
624 384 714 410 fuerat
728 385 858 418 spoliata,
868 384 1035 409 auctoritate
1048 384 1140 408 bonae

203 419 356 444 memoriae
384 418 528 444 Ioannisv
552 419 645 452 Papae
675 418 901 452 praedecessoris
930 419 1018 444 nostri
1048 425 1142 443 coram

203 453 284 478 vobis
297 462 373 486 super
386 453 432 477 hoc
445 453 574 478 traxisset
588 453 614 478 in
628 461 750 485 causam,
761 453 851 478 dictus
862 452 963 478 nobilis
977 451 1141 485 excipiendo

203 487 359 521 proposuit,
378 487 454 520 quod
476 487 573 512 literae
595 488 769 521 apostolicae
790 495 846 512 non
867 487 1008 518 valebant,
1026 495 1076 520 pro
1099 494 1142 517 eo,

204 521 281 555 quod
292 526 413 547 castrum
425 521 607 554 Guargiae⁸*,
618 522 665 547 ubi
676 526 718 547 est
730 522 789 547 eius
800 521 970 546 domicilium
981 520 1143 555 principale,

204 556 330 581 consistit
344 556 371 581 in
385 556 508 581 dioecesi
522 556 729 588 Rodonensiffl,
743 564 816 589 quae
834 555 905 581 ultra
922 555 992 580 duas
1007 555 1114 580 diaetas
1128 563 1144 580 a

203 591 322 615 Turonis
345 594 388 615 est
406 595 523 621 remota,
547 591 612 615 unde
629 590 710 615 illic¹0
731 591 798 615 trahi
814 599 865 614 non
882 594 984 622 poterat
1006 590 1143 614 secundum.

203 629 324 649 statutum
343 625 446 649 concilii
459 625 595 657 qeneralis.
632 625 737 650 Verum
755 624 921 658 replicatum
939 624 990 649 fuit
1008 632 1040 649 ex
1063 628 1143 657 parte

203 658 327 692 reginae,
340 659 417 692 quod
431 659 507 684 idem
520 659 622 684 nobilis
637 659 756 684 Turonis
771 659 838 684 satis
852 659 991 692 poteratl¹
1005 659 1142 683 secundum

202 698 325 718 statutum
350 693 454 718 concilii
479 694 609 725 qeneralis
634 693 784 725 conveniri,
810 701 895 726 quum
920 700 976 718 non
1001 693 1091 718 solum
1117 692 1143 716 in

203 727 414 753 Rodonensiw
439 727 572 759 dioecesi,
591 727 641 753 sed
659 727 744 753 etiam
762 728 789 752 in
802 727 1003 760 Andegavensi
1021 727 1143 752 dioecesi

203 762 319 788 exsistat
327 762 358 794 ¹³,
371 770 416 794 eo,
430 762 507 795 quod
520 766 548 787 et
562 766 653 787 castra
666 766 693 787 et
706 761 813 787 reditus
827 762 921 795 plures
934 762 1021 787 habet
1034 761 1061 786 in
1074 761 1143 795 ipsa,

204 801 233 822 et
262 801 393 828 castrum,
423 796 458 822 de
488 804 544 829 quo
575 796 704 830 quaestio
734 796 859 827 vertitur,
889 796 916 821 in
945 795 1047 821 eadem
1072 800 1115 821 est
1123 795 1143 812 1⁴¹

204 831 337 862 dioecesi,
363 839 435 864 quae
457 839 473 856 a
494 831 614 856 Turonis
639 838 818 864 nequaquam
843 830 916 855 ultra
937 831 997 855 XII.
1019 830 1113 855 leucas
1123 830 1144 847 ¹5·

204 865 298 890 distat.
335 865 411 891 Idem
430 873 544 898 quoque
554 865 575 882 ¹¹³*
596 864 708 897 adiecit,
732 865 818 898 quod,
840 873 926 898 quum
948 864 1023 890 dicta
1047 864 1144 897 regina

205 900 246 925 ius
264 908 345 925 suum
363 908 457 925 coram
480 899 594 924 domino
617 899 692 925 feudi
715 900 847 933 prosequi
871 899 1026 931 debuisset,
1047 899 1144 924 literae

203 935 376 968 apostolicae
385 934 405 952 ¹⁷
424 942 479 959 non
497 934 637 965 valebant,
655 942 741 967 quum
762 942 818 958 non
836 933 976 959 faciebant
984 934 1006 951 1⁸
1026 933 1143 958 mentio-

203 977 278 1001 nem,
295 968 371 1002 quod
394 968 524 994 dominus
547 968 623 994 feudi
645 968 729 993 fuerit
750 968 911 1001 requisitus,
929 973 957 993 et
974 968 1035 1001 ipse
1054 967 1081 992 in
1099 976 1143 993 ex—

203 1003 326 1029 hibenda
351 1003 399 1028 sibi
424 1003 529 1028 iustitia
554 1002 721 1028 exstiteritw
750 1002 897 1035 negligens
927 1002 971 1028 rel
1000 1002 1144 1033 remissus,

206 1037 395 1070 subiiciensz'v,
414 1037 490 1071 quod
503 1037 623 1062 eaedem
640 1037 737 1062 literae
751 1036 872 1063 salsitate
886 1045 1021 1070 expressa
1034 1036 1143 1062 fuerant

204 1072 379 1106 impetratae,
402 1079 446 1103 eo,
464 1071 541 1105 quod
564 1076 729 1104 suggestum
752 1071 852 1103 suerat,
875 1076 997 1097 castrum
1018 1071 1087 1096 illud
1108 1071 1144 1096 ad

203 1106 324 1133 eandem
345 1106 472 1140 reginam
494 1105 602 1131 ratione
625 1105 745 1131 dotalitii
768 1106 917 1139 pertinere,
936 1114 1022 1139 quum
1040 1113 1091 1131 nec
1108 1105 1144 1130 ab

204 1141 290 1173 initio,
316 1149 369 1166 nec
400 1140 517 1166 durante
547 1140 727 1165 matrimonio
751 1149 768 1165 a
792 1140 852 1165 viro
877 1140 929 1165 sibi
955 1140 1092 1166 sueratffl*
1118 1140 1145 1165 in

205 1175 385 1201 donationem
403 1179 518 1209 propter
536 1175 647 1208 nuptias
661 1174 845 1207 assignatum.
881 1174 927 1199 Ad
944 1175 1027 1200 hoe-’2’
1049 1178 1144 1199 autem

205 1210 256 1235 fuit
266 1218 300 1235 ex
310 1214 390 1243 parte
401 1210 488 1243 ipsius
494 1209 518 1227 ‘2³³
531 1209 645 1242 reginae
655 1217 833 1242 responsum,
844 1209 920 1242 quod
931 1209 1015 1234 vidua
1026 1208 1146 1242 spoliata

204 1244 363 1278 irrequisito
386 1243 462 1269 feudi
486 1243 599 1269 domino
622 1244 804 1277 spoliatorem
830 1251 880 1269 seu
906 1243 1082 1269 detentorem
1107 1242 1145 1268 rei

205 1287 299 1304 coram
313 1278 504 1304 ecclesiastico
522 1278 615 1304 iudice
634 1282 745 1311 poterat
764 1278 923 1310 convenire,
937 1277 1015 1303 cuius
1029 1277 1145 1303 interest

204 1313 304 1339 viduas
322 1312 479 1339 defensare.
516 1313 597 1344 †Nec
616 1313 691 1341 obest,
710 1313 778 1346 quod
794 1313 843 1337 sibi
855 1317 968 1337 castrum
987 1313 1052 1337 illud
1063 1321 1079 1337 a
1093 1312 1146 1336 ciro

203 1348 361 1381 assignatum
375 1356 427 1372 non
440 1347 518 1379 fuerit
524 1347 555 1378 ²4,
566 1356 644 1380 quzzm
655 1348 744 1372 clarae
757 1347 894 1372 memoriae
907 1347 929 1372 I.
937 1347 961 1364 25
973 1355 1018 1372 rex
1028 1346 1146 1379 Anqliae,

203 1383 274 1408 heres
295 1387 317 1407 et
337 1390 470 1407 successor
492 1382 541 1406 ciri
560 1382 607 1412 sui,
631 1386 744 1406 castrum
760 1381 911 1414 praefatum
928 1382 954 1405 in
971 1381 1147 1406 concambium

201 1426 251 1450 pro
265 1417 324 1442 aliis
336 1417 411 1441 rebus
423 1417 546 1441 dotalitiis
558 1417 635 1441 eidem
650 1417 781 1444 concessit,
796 1421 817 1441 et
831 1416 887 1449 ipsa
900 1416 964 1440 illud
976 1416 1018 1440 diu
1030 1424 1078 1448 pro
1092 1416 1148 1439 dote

200 1452 311 1485 pacifice
324 1451 485 1484 possedisset.
522 1451 565 1475 Aa]
580 1451 641 1476 llaec
659 1455 742 1475 autem
759 1450 808 1482 suit
826 1459 856 1475 er
870 1454 947 1483 parte
960 1450 1038 1483 ipsius
1056 1449 1147 1474 nobilis

204 1487 365 1519 replicatum,
378 1486 446 1519 quod
460 1486 608 1518 praedictus
623 1494 667 1510 rea:
679 1485 749 1510 lieres
762 1494 812 1509 nou
831 1484 918 1516 s'uerat
936 1485 1003 1516 reqis
1015 1484 1146 1514 Ricliardi,

205 1529 252 1546 nec
269 1520 385 1545 ‹Io-minus
402 1520 542 1552 Andeyari,
561 1520 605 1544 sed
625 1520 736 1544 eiusdem
758 1520 839 1544 castri
857 1524 946 1552 raptor
960 1519 1047 1552 potins
1064 1523 1087 1543 et
1109 1518 1146 1542 in-

207 1564 292 1585 vasor,
310 1554 363 1580 el²⁰
379 1555 415 1579 ita
434 1555 481 1585 ius,
495 1554 563 1588 quod
579 1555 631 1587 ipse
648 1563 810 1588 nequaquam
823 1554 917 1584 habuit,
935 1552 1079 1585 transferre
1095 1562 1148 1577 non

201 1591 285 1623 potuit
298 1590 323 1614 in
338 1591 461 1622 reyinam.
486 1589 527 1614 Ad
539 1589 608 1622 qnod
619 1588 683 1613 sii-‘27
692 1597 758 1621 pars
768 1589 877 1613 eiusdem
890 1588 995 1620 reyinae
1008 1587 1147 1620 respondit,

206 1625 274 1658 quod
298 1628 390 1649 contra
414 1624 565 1656 rescriptum
590 1623 702 1656 exceptio
726 1623 870 1647 huiusmodi
892 1631 944 1647 non
968 1622 1077 1653 valebat,
1102 1630 1148 1646 nec

205 1659 297 1684 habere
313 1658 416 1683 debebat
434 1659 517 1683 lor-um
536 1659 561 1682 in
576 1657 746 1691 possessorio,
764 1658 832 1691 quod
849 1658 935 1682 eadem
949 1661 1040 1681 contra
1054 1657 1148 1681 dictum

206 1694 314 1718 nobilem
331 1692 510 1718 intendebatz'ss.
552 1692 625 1717 L⁷nde
643 1701 686 1717 vos
703 1701 780 1717 aures
797 1692 941 1716 huiusmodi
960 1691 1149 1725 exceptionibus

205 1728 307 1760 frivolis
335 1727 486 1757 adhibentes
511 1727 537 1752 in
563 1727 707 1760 principali
733 1727 832 1759 neyotio
859 1726 1000 1759 procedere
1027 1726 1148 1750 hactenus

206 1762 337 1787 distulistis
350 1762 376 1786 in
389 1762 496 1786 eiusdem
513 1762 616 1794 reqinae
627 1770 768 1794 9racamen
782 1770 832 1785 non
844 1761 969 1786 modicum
979 1765 1001 1785 et
1011 1761 1146 1785 iacturam.

208 1797 266 1822 Nos
285 1805 342 1821 vero
360 1797 477 1826 volentes,
497 1800 522 1820 ut
538 1796 598 1830 finis
615 1796 701 1821 litibus
718 1796 874 1828 imponatur,
888 1795 1036 1820 discretioni
1050 1799 1149 1819 vestrae

208 1831 385 1862 Mandamus,
404 1835 551 1864 quatenus,
569 1830 592 1856 si
609 1830 690 1856 vobis
708 1830 873 1861 constiterit,
896 1829 1002 1855 dictum
1025 1829 1148 1854 nobilem

208 1871 311 1892 terram
329 1870 356 1891 et
377 1865 553 1890 mansionem
569 1865 674 1890 habere
692 1864 719 1889 in
740 1864 941 1898 Andegavensi
963 1863 1097 1895 dioecesi,
1120 1863 1148 1888 in

209 1909 265 1934 qua
281 1899 421 1925 interdum
439 1899 630 1925 consuevitffi*
648 1900 823 1931 commorari,
842 1904 869 1924 et
886 1898 977 1932 ipsam
996 1898 1149 1924 dioecesim

209 1936 280 1960 ultra
301 1934 371 1959 duas
389 1942 405 1959 a
421 1934 541 1959 Turonis
559 1942 616 1959 non
633 1933 737 1959 distare
757 1933 874 1965 diaetas,
892 1937 920 1958 et
938 1933 965 1958 in
983 1932 1084 1958 eadem
1097 1932 1148 1958 liti-

209 1970 319 2003 giosam
332 1977 392 1994 rem
405 1976 478 2000 esse,
496 1977 551 1994 non
565 1968 742 1994 obstantibus
761 1967 974 2001 exceptionibus
993 1967 1062 1999 aliis,
1076 1975 1148 2000 quae

210 2004 237 2029 in
262 2003 393 2037 petitorio
418 2003 520 2036 potius,
545 2011 629 2036 quam
653 2003 680 2027 in
709 2002 896 2036 possessorio,
921 2001 1029 2035 quod³0
1052 2002 1150 2034 regina

210 2044 307 2063 contra
320 2037 442 2063 eundem
454 2037 578 2063 nobilem
596 2037 760 2068 intentabat,
778 2037 871 2062 locum
887 2037 993 2062 habere
1010 2036 1149 2067 videntur,

209 2073 237 2098 in
255 2073 316 2106 ipso
335 2071 449 2104 negotio
467 2071 543 2096 iuxta
559 2072 682 2104 priorum
700 2071 901 2097 continentiam
918 2071 1070 2102 literarum,
1091 2071 1149 2095 sub-

209 2109 261 2132 lato
279 2107 410 2131 cuiuslibet
428 2106 636 2130 contradictionis
653 2110 675 2130 et
694 2106 874 2139 appellationis
888 2106 1028 2135 obstaculo,
1043 2105 1151 2130 ratione

210 2142 323 2175 praevia
342 2140 511 2174 procedatis,
530 2145 696 2173 praeceptum
718 2140 888 2173 apostolicum
906 2140 991 2164 taliter
1013 2139 1150 2172 impleturi,

209 2177 278 2210 quod
294 2177 381 2200 eudem
400 2176 488 2207 reyina
501 2184 549 2207 pro
568 2175 666 2206 defectu
686 2179 767 2199 restro
785 2175 820 2199 ad
840 2183 888 2199 nos
905 2174 1027 2199 laborare
1045 2174 1151 2199 ulterius

210 2220 260 2235 nnn
280 2215 394 2243 coyatur,
413 2218 458 2234 nec
476 2218 519 2233 cus
537 2209 642 2242 possitis
659 2209 689 2233 de
706 2209 859 2241 neyliyentia
882 2209 1037 2241 reprehendi.
1076 2208 1150 2240 [Dat.

211 2246 298 2271 Later.
312 2244 385 2270 XVI.
400 2244 461 2269 Kal.
476 2243 548 2268 Febr.
562 2245 595 2268 A.
610 2244 631 2269 I.
650 2242 735 2277 1217.]

602 2317 675 2336 CAP.
690 2317 749 2337 XVI.
758 2316 765 2329 ¹

213 2358 274 2377 Laiui
290 2359 422 2381 usurpantes
436 2357 485 2376 iura
499 2355 651 2376 ecclesiastica
665 2355 726 2374 velut
740 2355 843 2379 sacrilegi
858 2360 896 2379 per
911 2354 1008 2374 iudicem
1019 2355 1152 2374 ecelesiasti-

566 2388 615 2400 cum
627 2381 798 2405 compelluntur.

291 2434 478 2468 Gregorius
499 2433 546 2458 IX.
566 2432 674 2458 Fratri
694 2431 878 2457 Palmerio²
898 2431 1072 2457 Canonico

562 2472 590 2497 S.
609 2470 800 2496 Trinitatis.

282 2520 461 2554 Conquestus
487 2523 529 2545 est
552 2518 633 2544 nobis
660 2517 823 2553 [venerahilis
844 2517 928 2549 frater
945 2517 1042 2549 noster]
1060 2517 1151 2542 Bono-

213 2554 316 2581 niensis
334 2555 495 2588 episcopus,
514 2553 590 2586 quod
608 2557 734 2586 potestas
753 2557 781 2577 ct
795 2559 943 2577 commune
956 2551 1151 2577 Bononienses

213 2589 397 2623 temporalem
415 2587 643 2619 iurisdictionem,
663 2595 735 2619 quae
753 2587 780 2611 in
799 2585 840 2621 [κ’.
854 2586 962 2611 Ioannis
975 2587 1000 2610 in
1014 2586 1151 2617 Pet-sicem,

217 2625 350 2653 Unciolae,
362 2623 532 2651 sslaximatici,
545 2623 627 2652 I’ndii,
641 2621 747 2651 Dulioli,
761 2621 848 2646 Castri
858 2620 982 2653 Episcopi
992 2619 1026 2654 et]
1039 2620 1151 2653 quibus-

214 2659 278 2684 dam
296 2657 379 2692 [aliis]
398 2658 497 2683 castris
511 2661 538 2682 et
555 2656 626 2681 villis
640 2655 776 2681 ecclesiae
794 2654 997 2680 Bononiensis³
1015 2655 1152 2688 competit

215 2693 298 2726 pleno
320 2693 388 2724 iure,
410 2696 439 2718 et
465 2692 492 2717 in
514 2690 591 2716 cuius
614 2690 693 2724 quasi
720 2689 903 2723 possessione
926 2688 1013 2714 fuisse
1035 2696 1067 2714 ac
1089 2696 1152 2715 esse

265 2797 318 2815 Tit.
337 2796 365 2815 ΙΙ.
401 2797 463 2820 (lap.
484 2796 530 2815 XV.
571 2796 591 2814 4)
611 2795 659 2814 W.:
680 2793 750 2814 Falli.-
770 2793 807 2814 V.:
827 2791 868 2811 ΙΙΙιν
943 2792 963 2817 5)
982 2792 1105 2812 Guerchia:
1124 2791 1155 2812 Ea

215 2820 337 2846 (Gnmche).·
354 2822 478 2841 Guinchin:
494 2821 535 2842 Eb:
555 2822 655 2840 Wercia:
672 2820 708 2840 Ec:
729 2820 825 2838 Wortia:
841 2818 871 2837 Ed
953 2818 974 2837 6)
984 2818 1072 2841 Segi-ei:
1087 2818 1155 2841 Eat-d:

216 2847 304 2872 Sex-gei:
318 2847 347 2866 ΕΙ)
357 2859 381 2862 -
395 2848 446 2871 141)..-
461 2848 553 2871 Segi-eiu
568 2847 647 2870 (δῖοι-ε)
718 2846 737 2865 Τ)
749 2845 887 2863 Innoceiitii:
903 2843 1047 2864 GHIKNEIJA:
1068 2845 1095 2863 L:
1110 2844 1156 2866 Ea,-

217 2872 250 2892 S.:
264 2873 292 2892 Ec
335 2874 356 2894 8)
366 2874 503 2893 Guerchiae:
515 2872 557 2892 Eu:
571 2873 696 2892 Guardine:
708 2871 735 2890 F:
750 2871 888 2889 Guarcliiae:
904 2869 963 2891 GHL-
977 2870 1110 2894 Gargar-iae:
1126 2870 1155 2892 K.-

216 2899 325 2918 Garchin:
339 2899 379 2920 Eb:
394 2900 508 2918 war-cine:
526 2898 562 2918 Er.-
578 2899 708 2917 Warchinc:
723 2896 753 2915 1-11!
764 2906 785 2909 —
797 2896 824 2920 cs.
839 2896 882 2914 not.
893 2896 912 2915 5.
978 2895 999 2919 9)
1014 2896 1154 2915 Redononsi:

216 2923 272 2948 Eud:
282 2924 382 2948 (listune-st
393 2925 534 2944 Rudenenni:
549 2923 619 2944 FJIX:
634 2924 731 2943 Rodum:
746 2922 816 2941 (ιἨΙΚ
888 2921 919 2943 10)
930 2922 994 2940 illuc:
1010 2921 1048 2945 Eb;
1063 2922 1110 2940 hic:
1126 2921 1156 2940 Ed

217 2949 282 2969 Riem-
327 2951 360 2974 11)
370 2953 415 2974 pot.
425 2951 547 2969 secundum
559 2952 664 2969 statutum
676 2949 766 2968 cuin-ilii
778 2947 901 2971 generalis:
916 2946 947 2965 Ed
956 2946 1021 2966 Richt.
1067 2947 1100 2969 1⁸2)
1110 2952 1156 2966 non

217 2975 256 2994 sol.
267 2976 408 2996 Rodonensie
418 2976 526 3000 (Redeo-2
542 2975 567 2997 Η)
578 2976 616 2994 sed
631 2977 697 2995 etiam
713 2975 810 2993 ‹tior-cea.
820 2973 1001 2995 studegavensis:
1017 2972 1159 2992 mmmm-1

218 3001 251 3025 13)
261 3004 292 3020 et:
307 3002 374 3021 deest.-
388 3002 405 3020 Ε
444 3003 476 3024 14)
487 3002 605 3021 consistat:
621 3001 638 3020 H
673 3001 705 3021 15)
715 3000 796 3018 linteis:
813 2999 842 3018 1⁶54!
877 2999 910 3021 16)
920 3004 984 3017 vero:
1000 2998 1019 3017 t:
1052 2999 1085 3022 17)
1095 3003 1157 3022 prae-

217 3026 285 3046 satae:
299 3027 318 3046 E
346 3029 379 3050 1⁸)
389 3028 485 3047 saciant:
499 3027 553 3046 LXI-2·
582 3029 614 3049 w)
625 3028 702 3047 suerit:
719 3026 760 3045 Eub
788 3027 821 3044 :em
832 3025 979 3048 subiungens:
994 3024 1012 3043 E
1036 3026 1069 3047 21)
1079 3024 1157 3043 tum-it:

217 3051 392 3078 Faffllfflxlcpr
401 3053 428 3072 leb
442 3053 538 3078 (suisset)
579 3054 612 3074 22)
623 3053 689 3073 haec:
705 3051 749 3071 Eud
786 3052 819 3071 23)
830 3051 882 3075 ipsu:
897 3050 965 3069 deest:
980 3049 1029 3069 MEb
1068 3050 1101 3071 24>
1112 3050 1157 3069 sue—

219 3080 263 3098 rut:
277 3077 319 3101 Ea.-
334 3079 386 3098 fuit:
401 3078 430 3098 Εὐ
490 3079 577 3103 25)1v.:
593 3078 621 3098 Eo
683 3078 716 3102 26)
727 3080 759 3097 et:
774 3077 841 3096 ‹la-st:
855 3075 886 3095 Ed
896 3075 961 3096 lru‘cht.
1023 3076 1056 3100 27)
1067 3076 1101 3094 Ad
1115 3076 1157 3095 hoc

478 235 688 264 DECRETAL.
708 235 872 264 GREGOR.
891 235 938 263 IX.
957 236 1022 262 LIB.
1042 236 1073 262 11.
1092 234 1161 262 TIT.
1182 235 1212 261 ΙΙ.
1233 235 1283 261 DE
1302 235 1401 262 FORO
1422 232 1671 262 COMPETENTI.
1691 243 1714 261 c.
1736 241 1841 268 15—17.

2065 232 2094 258 Ξῖ
2092 231 2116 258 14

1177 313 1358 346 dignoscitur,
1383 322 1433 348 per
1455 313 1616 340 violentiam
1636 320 1771 347 usurpare
1795 310 2002 346 praesumunt4,
2025 310 2114 346 [quen-

1176 349 1242 379 dam,
1253 350 1298 382 qui
1308 350 1378 382 apud
1387 350 1481 374 dictum
1493 354 1607 374 castrum
1619 350 1648 373 5.
1659 348 1768 374 Ioannis
1780 347 1938 372 homicidium
1950 345 2116 379 perpetravit,

1175 392 1222 415 per
1234 392 1276 407 eos
1288 383 1442 416 puniendum
1457 393 1474 409 a
1487 388 1584 408 rectore
1597 383 1678 408 castri
1689 382 1798 408 eiusdem
1811 381 1860 406 sibi
1871 381 1980 406 exhiberi
1991 380 2116 412 fecerunt,

1177 422 1199 441 et
1217 418 1298 442 wlleuc
1315 423 1398 442 tenent
1416 419 1439 442 in
1459 418 1574 449 uinculis,
1593 418 1674 450 ipsum
1693 417 1797 442 reddere
1814 416 1973 448 deneqantes,
1991 415 2056 439 *uvido
2071 422 2118 447 per

1177 452 1266 476 [iteras
1287 457 1390 477 nostras
1412 453 1462 485 ipsi
1481 453 1666 483 annulat-imus,
1684 456 1710 476 ut
1729 451 1761 476 ab
1777 451 1857 484 ipsius
1874 450 1987 483 episcopi
2003 448 2119 474 molestia

1178 486 1330 517 desistentes,
1345 491 1367 511 et
1380 487 1458 511 eidem
1475 487 1592 519 episcopo
1610 487 1767 511 restituentes
1780 486 1834 509 sine
1847 485 1993 518 difficultate
2005 482 2116 516 qualibet

1177 520 1336 551 homicidam,
1360 521 1436 545 libere
1453 521 1535 553 ipsum
1556 521 1729 554 permitterent
1755 520 1781 544 in
1803 520 1874 544 dictis
1901 518 1964 544 Iocis
1985 518 2024 542 uti
2042 517 2116 542 iuris-

1179 555 1286 579 dictione
1308 555 1438 588 praefata,
1464 556 1635 588 compat-ituri
1657 563 1744 579 coram
1768 554 1841 579 nobis
1866 561 1944 586 usque
1968 552 2003 577 ad
2025 551 2118 584 festum

1179 590 1288 613 omnium
1314 594 1462 614 sam-torum
1483 590 1600 622 proximo
1623 589 1791 622 praeteritum
1812 588 1848 613 ad
1868 587 2014 619 faciendum
2035 591 2057 611 et
2079 594 2118 611 re-

1179 624 1319 656 cipiendum
1338 625 1406 657 quod
1423 624 1485 647 iuris
1502 625 1564 648 ordo
1582 624 1698 654 dictaret,
1716 623 1740 647 si
1755 623 1781 647 in
1804 622 1876 647 dictis
1894 621 1986 647 castris
2008 625 2030 646 et
2053 621 2119 645 villis

1177 663 1350 690 propom‘rent
1373 659 1570 683 iurisdictionem
1592 658 1705 691 aliquam
1726 666 1753 682 se
1773 657 1871 682 babere.
1911 656 1961 686 Qui
1980 656 2034 686 hoc,
2055 655 2120 679 sicut

1179 692 1278 723 dicitur,
1297 697 1491 723 cmztemnentes,
1510 701 1555 717 nec
1577 693 1740 716 restituerunt
1761 692 1810 716 sibi
1828 690 2022 723 771alefacttn·e7n
2042 697 2120 722 prae-

1179 726 1260 758 fatum
1276 727 1364 751 moniti
1375 727 1516 759 diliyenter,
1529 735 1575 751 nec
1588 727 1760 759 permiserimt
1778 726 1923 758 episcopum
1935 725 2012 750 libere
2026 724 2062 748 uti
2072 724 2120 748 bac

1179 762 1351 786 iuriwlictione
1369 762 1393 786 in
1412 762 1475 785 loeis
1493 762 1593 792 eisdem,
1611 769 1691 793 neque
1708 760 1742 784 ad
1755 769 1801 784 nus
1815 760 1989 792 responsalem
2002 759 2120 783 idoneum

1179 796 1347 823 destinarunt,
1365 796 1409 820 sed
1424 800 1557 829 peccatum
1573 799 1678 828 peccato
1693 795 1780 827 potius
1798 795 1965 824 cumulantes,
1981 797 2119 826 postquam

1179 831 1310 863 utriusque
1323 831 1408 862 partis
1426 829 1515 854 nuncii
1531 830 1565 854 ad
1581 829 1663 853 sedem
1681 829 1849 861 apostolicam
1870 832 2043 857 accesserunt,
2061 827 2122 851 dicti

1178 869 1291 897 potestas
1307 869 1329 889 et
1347 873 1479 889 commune
1495 864 1619 897 quosdam
1637 872 1667 887 ez·
1681 867 1758 895 parte
1774 872 1822 887 sua
1841 863 1961 887 miseran!
1974 863 2008 887 ad
2020 861 2120 886 incesti-

1177 900 1291 931 yandum
1308 903 1331 923 et
1345 899 1504 932 puniendum
1525 898 1653 931 qztoddam
1675 897 1827 930 maleficium
1847 901 1981 929 patratum
2003 896 2029 920 in
2051 900 2121 920 terra

1180 933 1283 958 Dulioli
1299 933 1334 957 ad
1354 932 1553 957 iurisdictionem
1575 932 1654 964 ipsius
1671 931 1793 956 ecclesiae
1808 931 1956 964 pertinente,
1973 939 2049 963 super
2070 939 2119 963 quo

1179 968 1307 1000 inquisitio
1332 966 1405 999 facta
1429 967 1515 999 suerat
1536 975 1585 999 per
1606 966 1667 991 dicti
1687 965 1800 998 episcopi
1821 966 1937 995 nuncios,
1960 969 1982 989 et
2004 973 2020 989 a
2042 965 2121 989 male-

1179 1002 1321 1033 factoribus
1330 1002 1470 1034 piynorum
1484 1001 1615 1026 cautiones
1628 1005 1651 1025 el
1664 1000 1732 1025 aliae
1742 1000 1891 1024 securitates
1902 1004 2030 1032 acceptae,
2040 1007 2122 1032 quare

1179 1037 1268 1061 nuncii
1284 1037 1393 1061 eiusdem
1413 1035 1526 1069 episcopi
1540 1035 1667 1059 humiliter
1680 1034 1808 1067 petierunt
1825 1042 1840 1058 a
1859 1034 1938 1065 nobis,
1954 1038 1979 1057 ut
1995 1041 2072 1066 super
2084 1033 2121 1057 his

1180 1071 1326 1096 deberemus
1338 1070 1498 1095 indemnitati
1508 1068 1680 1094 Bononiensis
1693 1069 1814 1093 ecclesiae
1823 1066 2001 1101 praecavere]
2028 1067 2121 1100 Quum

1180 1110 1275 1130 autem
1296 1104 1380 1131 valde
1405 1104 1440 1129 sit
1462 1103 1587 1137 iniquum
1610 1102 1644 1137 [et
1665 1103 1754 1136 ingens
1774 1101 1958 1136 sacrileyium,]
1981 1110 2024 1133 ea,
2047 1109 2120 1135 quae

1181 1140 1282 1165 collata
1295 1143 1359 1164 sunt
1372 1147 1423 1172 pro
1437 1138 1562 1163 remedio
1576 1142 1757 1171 peccatorum
1766 1136 1972 1162 venerabilibus
1983 1135 2120 1167 ecclesiis,

1181 1174 1225 1199 vel
1242 1173 1347 1205 relicta,
1365 1177 1412 1198 aut
1430 1173 1470 1198 eis
1488 1171 1567 1197 iustis
1587 1171 1678 1197 modis
1692 1171 1752 1197 aliis
1765 1171 1911 1204 acquisita,
1930 1169 1958 1205 [α
1968 1170 2086 1230 §delibus
2099 1174 2121 1194 et

1182 1209 1240 1233 ciris
1254 1208 1392 1238 catholicis,
1406 1216 1422 1232 a
1436 1207 1526 1240 quibus
1539 1207 1640 1231 servari
1651 1214 1682 1231 ea
1695 1204 1831 1239 coni-enin]
1850 1205 1910 1230 aliis
1924 1205 1966 1230 usi
1989 1213 2020 1230 us
2034 1204 2122 1238 appli-

1181 1243 1246 1274 cari,
1269 1241 1403 1276 propter5
1424 1241 1501 1274 quod
1523 1241 1623 1266 merito
1646 1240 1790 1265 invasores
1812 1240 1937 1273 ipsarum
1954 1247 2046 1264 rerum
2064 1243 2122 1264 tan-

1183 1285 1268 1310 quam
1291 1275 1428 1309 sacrilegi,
1451 1275 1514 1310 [nisi
1531 1284 1575 1299 eas
1594 1275 1735 1305 restituant,
1753 1283 1799 1307 per
1817 1274 1982 1299 ecclesiarum
2005 1278 2122 1303 rectores,

1182 1320 1259 1344 quum
1283 1311 1481 1336 ecclesiasticum
1511 1310 1543 1334 sit
1573 1309 1666 1334 crimen
1697 1308 1837 1342 sacrileyii]
1864 1313 1927 1334 sunt
1951 1307 2125 1333 anathemati

1183 1354 1272 1379 usque
1289 1345 1326 1370 ad
1343 1344 1565 1370 satisfactionem
1584 1352 1735 1377 congruam
1757 1342 1945 1377 supponendi.
1982 1342 2123 1377 [Ecclesia-

1183 1388 1239 1404 rum
1257 1388 1356 1413 quoque
1376 1379 1467 1410 favore
1483 1379 1597 1403 noscitur
1619 1378 1799 1408 introductum,
1820 1382 1844 1402 ut
1862 1376 2042 1409 malefactores
2063 1385 2124 1401 suos

1183 1414 1363 1439 venerabilium
1381 1414 1497 1438 locorum
1515 1417 1626 1438 rectores
1640 1413 1740 1446 possint
1756 1412 1803 1437 sub
1820 1421 1869 1446 quo
1883 1412 2029 1436 maluerunt
2042 1411 2124 1436 iudice

1182 1449 1324 1474 convenire.
1362 1449 1414 1474 Sed
1429 1448 1484 1480 fori
1497 1448 1643 1480 exceptione
1656 1456 1704 1480 per
1722 1447 1828 1471 nuncios
1845 1451 1941 1471 vestros
1954 1446 2071 1479 opposita
2085 1446 2122 1470 in-

1181 1487 1279 1508 stanter
1292 1483 1427 1516 petebatur
1445 1483 1477 1507 ab
1494 1483 1564 1515 ipsis¹
1584 1486 1616 1511 ut,
1635 1490 1711 1515 quum
1731 1481 1884 1514 reglulariter
1901 1485 1974 1505 actor
1986 1480 2073 1512 forum
2087 1479 2125 1505 rei

1181 1519 1254 1551 sequi
1265 1517 1360 1547 debeat,
1376 1518 1576 1551 relinqueremus
1588 1516 1761 1549 quaestionem
1778 1516 1921 1540 huiusmodi
1931 1515 2022 1540 iudicio
2034 1523 2123 1539 saecu-

1182 1553 1241 1577 lari.
1279 1554 1363 1585 Super
1381 1552 1412 1576 iis
1429 1560 1489 1584 erqo
1506 1551 1686 1575 deliberatione
1703 1559 1759 1575 cuni
1780 1549 1906 1582 fratribus
1923 1549 2017 1574 nostris
2038 1549 2125 1574 habita

1182 1587 1303 1619 diliqenti,
1318 1591 1432 1619 paterna
1449 1586 1581 1611 dulcedine
1597 1585 1666 1618 ipsos
1684 1593 1822 1615 monemus,
1836 1584 1994 1617 deposcimus
2008 1588 2030 1608 et
2047 1592 2123 1616 roya-

1182 1630 1247 1652 mus,
1261 1621 1423 1646 obsecrantes
1434 1629 1481 1654 per
1493 1621 1602 1645 salutem
1615 1619 1761 1645 animarum
1774 1627 1880 1644 suarum
1894 1623 1916 1643 et
1925 1628 1974 1651 per
1983 1618 2126 1643 Dominum

1183 1656 1344 1687 obtestantes,
1367 1664 1444 1689 quum
1466 1655 1492 1679 in
1513 1655 1559 1679 linc
1581 1655 1656 1687 lonye
1678 1655 1759 1686 mayis
1780 1654 1811 1678 sit
1838 1654 1904 1678 vinci
1928 1662 2004 1686 quam
2026 1653 2125 1677 vincere

1181 1691 1332 1723 ylario-sum,
1346 1699 1399 1715 non
1413 1694 1522 1715 renuant
1535 1689 1677 1714 salutarem
1696 1689 1807 1722 recipere
1824 1687 1982 1719 medicinam,
1995 1687 2039 1712 sed
2052 1687 2126 1711 nobis

1182 1726 1244 1750 haec
1264 1725 1380 1757 qratuita
1401 1725 1555 1749 liberalitate
1576 1723 1621 1747 sub
1642 1731 1686 1756 spe
1710 1723 1832 1748 mercedis
1856 1727 1976 1747 aeternae
2001 1722 2125 1746 donantes

1186 1760 1240 1784 Deo
1254 1764 1276 1784 et
1289 1759 1411 1784 ecclesiae
1427 1767 1504 1792 super
1518 1758 1668 1791 praemissis
1686 1758 1794 1782 debitam
1811 1756 2012 1789 satisfactionem
2030 1756 2124 1789 impen-

1183 1795 1253 1819 dant.
1293 1793 1406 1819 C'ioitatis
1420 1794 1486 1818 enini
1499 1801 1604 1817 suorum
1618 1792 1741 1818 ecclesiae
1752 1791 1889 1816 Romanae
1901 1792 2003 1816 devotae
2014 1790 2126 1815 sollicita

1183 1829 1357 1853 desideramus
1381 1827 1516 1861 affectione
1544 1827 1661 1857 salutem,
1687 1826 1799 1859 alliqare
1826 1830 1946 1851 curantes
1975 1826 2043 1859 quod
2066 1833 2126 1849 con-

1183 1862 1297 1895 fractum
1315 1867 1350 1888 est
1367 1867 1389 1887 et
1407 1863 1528 1887 reducere
1546 1862 1614 1895 quod
1630 1861 1762 1892 abiectum,
1781 1865 1804 1885 et
1822 1860 1948 1894 cupientes
1966 1860 2064 1885 eosdem
2078 1867 2126 1892 per

1181 1898 1332 1931 patientiam
1349 1901 1466 1922 nostram
1483 1897 1518 1922 ad
1534 1896 1717 1930 poenitentiam
1735 1904 1864 1920 revocare.
1902 1895 2026 1920 Nolentes
2042 1895 2128 1928 itaque

1185 1931 1348 1964 afflictionem
1361 1932 1469 1957 eiusdem
1483 1931 1606 1956 ecclesiae
1619 1931 1654 1955 acl
1671 1931 1795 1955 dictorum
1805 1929 1940 1963 potestatis
1953 1933 1974 1954 et
1987 1928 2127 1954 communis

1181 1967 1333 2000 periculum,
1352 1967 1421 2000 quod
1438 1970 1553 1991 versatur
1570 1966 1596 1990 in
1618 1965 1683 1998 ipsa,
1706 1965 1876 1996 dissimulare,
1895 1973 1926 1989 ne
1944 1968 2035 1989 contra
2052 1962 2128 1996 officii

1184 2001 1267 2026 nostri
1282 2001 1391 2026 debitum
1409 2001 1546 2031 veniamus,
1564 2000 1670 2025 seientes
1687 2000 1756 2032 quod
1768 1999 1868 2024 obedire
1880 1999 1936 2023 Deo
1955 1999 2036 2031 maqis
2048 2005 2126 2031 qziam

1183 2035 1324 2060 bominibus
1347 2044 1393 2060 nos
1415 2039 1522 2068 oportet,
1545 2034 1691 2059 discretioni
1706 2038 1764 2058 tuae
1781 2042 1830 2066 per
1851 2033 1995 2066 apostolica
2016 2030 2125 2065 scripta]

1185 2069 1362 2101 Mandamus,
1381 2073 1519 2103 quatenus
1537 2069 1560 2094 si
1578 2068 1628 2094 tibi
1650 2068 1823 2093 constiteritG
1841 2067 1876 2093 de
1894 2067 2066 2101 praemissis,
2088 2065 2125 2101 [tu

1185 2103 1310 2138 [nummi]
1326 2104 1479 2129 monitione
1493 2102 1657 2137 praemissa,
1668 2111 1718 2136 per
1731 2110 1879 2128 censuram
1889 2100 2126 2128 ecclesiasticam7

1185 2147 1298 2164 cessare
1320 2138 1397 2172 ipsos
1419 2138 1455 2163 ab
1477 2137 1648 2169 huiusmodi,
1672 2142 1700 2162 et
1723 2137 1885 2162 satisfacere
1908 2136 1943 2162 de
1968 2135 2126 2170 praeteritis

1186 2173 1295 2198 damnis
1314 2178 1343 2198 et
1360 2172 1475 2203 iniuriis,
1493 2171 1683 2206 appellatione
1700 2176 1809 2197 remota
1830 2171 1992 2204 compellas.
2042 2171 2127 2195 Testes

1185 2212 1231 2233 etc.
1245 2208 1309 2232 Dat.
1323 2207 1382 2232 Lat.
1404 2207 1446 2232 Vl.
1460 2207 1521 2231 Kal.
1536 2206 1608 2232 Febr.
1623 2204 1720 2238 Pontis.
1734 2210 1814 2231 nostr.
1830 2207 1876 2231 Ao.
1890 2205 1938 2231 IV.
1956 2213 2028 2238 1230.

1572 2275 1588 2295 C
1595 2275 1645 2294 ΑΡ.
1660 2275 1729 2295 XVII.

1187 2311 1345 2335 Privilegiatus
1364 2312 1388 2329 ut
1406 2315 1451 2329 non
1470 2311 1574 2329 teneatur
1593 2310 1728 2334 respondere
1746 2309 1791 2328 nisi
1807 2309 1829 2328 in
1845 2310 1906 2328 certo
1921 2309 1978 2328 loco.
2006 2308 2030 2328 Si
2045 2308 2068 2327 in
2083 2308 2127 2327 alio

1187 2338 1236 2356 loco
1252 2337 1388 2361 respondere
1402 2336 1438 2355 vel
1453 2336 1540 2355 solvere
1555 2336 1671 2360 promittit,
1686 2336 1717 2354 ibi
1732 2336 1814 2360 poterit
1829 2336 1952 2359 conveniri,
1972 2336 1994 2354 et
2008 2334 2074 2354 etiam
2089 2334 2128 2353 ubi

1388 2362 1455 2381 habet
1465 2362 1612 2381 domicilium.
1641 2361 1768 2381 Secundum
1779 2362 1841 2380 Ioan.
1852 2361 1923 2380 Andr.

1397 2404 1487 2430 Idem
1506 2404 1678 2438 Episcopo
1697 2403 1917 2429 Dulmensiv.

1256 2447 1358 2473 Dilecti
1376 2447 1423 2473 filii
1441 2448 1460 2473 Ι.
1479 2451 1506 2473 et
1523 2448 1557 2473 A.
1576 2447 1651 2473 cives
1672 2447 1791 2472 Romani
1814 2455 1863 2471 sua
1885 2445 1966 2471 nobis
1988 2445 2124 2479 petitione

1187 2486 1386 2514 monstrarunt,
1406 2482 1491 2516 quod,
1509 2490 1595 2515 quum
1616 2481 1712 2507 abbati
1731 2482 1758 2507 S.
1777 2480 1940 2507 Genovesae
1962 2479 2124 2505 Parisiensis

1188 2526 1272 2551 super
1294 2516 1417 2551 quadam
1439 2516 1575 2550 pecuniae
1592 2524 1702 2542 summa
1720 2520 1817 2541 contra
1830 2516 1862 2540 R.
1877 2514 2126 2548 praedecessorem

1187 2557 1265 2577 tuum
1278 2551 1373 2577 literas
1387 2551 1594 2585 impetrassent,
1608 2556 1636 2576 tu
1655 2550 1774 2584 proponi
1793 2549 1893 2581 fecisti,
1907 2548 1983 2582 quod
1996 2548 2125 2573 omnibus

1187 2586 1312 2619 Anglicis
1335 2590 1378 2611 est
1399 2594 1416 2611 a
1437 2585 1507 2611 sede
1528 2585 1683 2619 apostolica
1705 2584 1850 2615 indultum,
1874 2588 1903 2608 ut
1928 2591 2013 2616 super
2035 2582 2126 2608 causis

1187 2620 1353 2655 pecuniariis
1372 2620 1441 2645 citra
1458 2627 1534 2645 mare
1552 2619 1693 2645 conveniri
1711 2627 1766 2644 non
1783 2618 1901 2652 possint,
1919 2622 2034 2650 propter
2047 2616 2125 2650 quod

1188 2655 1263 2681 idem
1284 2655 1372 2680 abbas
1394 2654 1421 2679 in
1443 2654 1557 2687 negotio
1579 2662 1636 2679 non
1656 2653 1804 2687 processit.
1841 2652 1953 2683 Verum,
1976 2651 2050 2684 quia,
2072 2650 2127 2677 etsi

1188 2689 1286 2716 fuisset
1307 2688 1485 2723 privilegium
1506 2689 1561 2715 tale
1584 2696 1758 2719 concessum,
1780 2695 1835 2712 non
1858 2690 1951 2711 tamen
1975 2686 2126 2719 prodesset

1190 2798 1251 2817 pars:
1266 2792 1293 2812 ιΊι.
1321 2793 1354 2814 28)
1365 2793 1502 2813 intentabat:
1517 2792 1543 2812 th.
1576 2792 1610 2816 29)
1620 2791 1772 2811 consueverit:
1788 2788 1961 2808 Fnizbjtxlcacd
1990 2789 2024 2812 30)
2034 2788 2130 2813 quod...

1190 2820 1242 2838 ints
1255 2819 1304 2838 add.
1315 2825 1328 2838 a
1338 2818 1412 2844 Rayrn.

1241 2846 1302 2869 Cap.
1318 2846 1376 2865 XVI.
1405 2846 1425 2868 1)
1436 2844 1564 2864 Rcstn'tutum
1584 2849 1607 2862 mr
1626 2844 1681 2866 arca.
1697 2843 1734 2861 lx.
1750 2841 1796 2864 11'1-51.
1812 2840 1834 2859 A.
1851 2841 1887 2860 IV.
1902 2841 1940 2865 (11,
1952 2840 2011 2864 102³,
2026 2840 2082 2860 unda
2096 2840 2129 2860 ed.

1190 2870 1288 2890 Mun-sius
1298 2872 1318 2890 tn
1330 2871 1403 2890 Bolus.
1415 2871 1473 2890 Mis-c.
1484 2876 1530 2889 notu
1542 2869 1586 2889 ord.
1598 2869 1669 2892 donst.
1680 2868 1738 2891 (Luc.
1751 2868 1817 2889 1752.)
1829 2867 1865 2890 ΙΙΙ,
1876 2867 1921 2885 897.
1956 2866 1977 2890 2)
1987 2867 2065 2886 Petro:
2080 2866 2129 2889 FN.-

1190 2897 1302 2916 Palmeio:
1325 2896 1355 2918 H,-
1378 2897 1504 2916 Palimitio:
1528 2896 1557 2916 K:
1584 2896 1650 2917 Grec.
1670 2894 1708 2912 dil.
1728 2894 1752 2912 fr.
1777 2893 1888 2911 Palinerio
1907 2898 1956 2911 can.
1975 2892 1998 2912 S.
2017 2893 2080 2912 'ri-in.
2099 2893 2128 2912 do

1190 2922 1358 2947 Cnmpanopilis
1377 2923 1425 2941 ord.
1444 2922 1466 2941 S.
1486 2921 1604 2946 Augustini
1624 2921 1702 2943 Regiu-
1722 2919 1831 2937 dioeces:
1855 2917 1903 2941 Περ.
1924 2928 1945 2932 -
1964 2917 2059 2938 Potitius!
2095 2918 2128 2938 ost

1191 2954 1225 2967 no.
1235 2949 1293 2968 9583.
1342 2949 1363 2972 3)
1374 2948 1525 2968 Bononiensi:
1540 2946 1588 2970 li'aegl.
1642 2946 1662 2965 4)
1673 2947 1803 2968 usurpantes
1813 2946 1835 2963 et
1844 2945 1970 2963 turbantes:
1984 2943 2032 2969 Κεφ
2064 2945 2076 2964 5
2094 2950 2127 2969 pr.

1190 2974 1261 2998 quod:
1275 2974 1343 2993 acesi.-
1357 2974 1383 2992 1'11.
1436 2975 1456 2997 6)
1468 2974 1564 2993 constit..
1576 2973 1636 2995 ipsos
1650 2970 1757 2989 invadere
1771 2972 1808 2988 mit
1822 2970 1912 2988 turbare
1922 2975 1988 2994 super
2001 2971 2130 2994 praemissis

1192 3000 1240 3019 iura
1250 3001 1318 3024 ipsius
1329 3000 1438 3019 ecclesiae
1448 3002 1486 3019 aut
1496 3000 1603 3018 hacteuus
1613 2997 1721 3016 invasisse
1731 2996 1766 3014 vel
1777 2996 1889 3015 turbasse:
1903 2995 1929 3015 th.
1991 2997 2012 3019 7)
2023 3002 2130 3016 censuras

1192 3026 1259 3045 ecch:
1274 3026 1300 3044 u'b.

1244 3052 1304 3075 Cap.
1324 3051 1393 3072 xvn.
1430 3052 1449 3070 1)
1465 3049 1599 3069 Dunelensi:
1624 3046 1698 3067 Fam:
1725 3047 1818 3066 nutem:
1846 3046 1876 3066 11.-
1899 3047 2073 3067 Dulmelmeusi:
2098 3048 2131 3073 Μ,-

1193 3077 1341 3097 Dunehnensi
1351 3077 1417 3096 recte:
1431 3074 1457 3095 Lo
1468 3075 1581 3100 (Dm-turm)
1592 3086 1613 3088 fi
1626 3074 1733 3093 1227-34.
1745 3084 1767 3087 —-
1778 3072 1872 3092 Potitius!
1882 3078 1916 3093 no.
1927 3074 1984 3094 95³5.
