2243 3288
172 239 237 266 124?

175 326 235 342 runi
253 316 333 341 simul
351 320 377 341 et
396 315 542 340 custodum
561 320 653 348 partes
673 315 788 341 iiii)lere
806 320 942 347 tenentur,
965 320 992 342 et
1010 323 1103 342 corani

174 352 240 384 ipsis
255 350 434 375 laudabilium
448 358 562 382 operum
574 350 701 383 exemplo
723 358 813 375 ucere.
839 350 882 375 Ad
897 355 1022 376 nostrum
1036 359 1103 376 sane

175 390 298 418 pervenit
309 383 524 415 audnum,quod
537 383 658 408 nonnulli
671 383 819 417 pontificali
832 384 950 417 praediti
960 384 1104 418 dignitate,

173 426 288 450 gregum
300 425 410 442 suorum
421 417 576 442 custodiam
587 418 771 450 negligentes,
783 422 809 444 et
820 419 1002 444 abhorrentes
1014 419 1103 444 lucem

175 459 307 484 tanquam
322 451 367 476 tilii
382 451 567 483 tenebrarum,
585 460 639 476 non
653 458 782 477 verentur
796 461 826 478 se
839 453 874 478 ab
888 453 980 478 ovium
994 461 1105 479 suarum

173 494 237 510 cura
256 485 417 510 mercenarii
435 493 513 511 more
532 491 658 519 tempore
677 486 760 519 longo
775 487 940 517 subducere,
954 492 982 512 et
995 487 1105 520 pontifi-

174 520 222 544 cali
242 519 376 551 dignitate
394 519 497 545 reiecta
514 528 568 545 non
587 520 754 546 erubescunt
771 521 865 554 vagari
888 529 938 554 per
955 521 1036 547 devia
1054 522 1105 547 sub

172 553 312 578 habitibus
328 553 538 585 transformatis,
551 562 583 579 ac
597 559 757 588 contempto
772 555 807 580 de
821 555 979 581 exhibendo
993 556 1106 589 paribus

172 593 198 612 et
213 588 402 620 superioribus
420 588 526 613 honore
540 594 700 622 praecepto,
719 589 757 614 sic
771 589 872 615 abiecti
885 595 913 615 et
931 589 1052 615 indecori
1067 591 1106 615 in-

172 621 280 646 terdum
298 621 333 646 ad
356 622 453 647 sedem
476 623 661 655 apostolicam
683 623 807 648 clanculo
830 623 971 649 declinare
993 632 1106 657 praesu-

172 661 258 687 munt,
277 656 323 681 ubi
341 664 419 682 more
437 662 565 688 noctuae,
584 658 661 682 cuius
679 657 807 682 intuitum
826 666 879 683 nox
897 658 1042 691 illuminat,
1061 659 1106 684 lux

173 695 312 721 excaecat,
331 690 367 715 de
381 690 426 716 die
440 690 569 722 latentes,
586 691 662 716 horis
677 691 863 723 tenebrarum,
881 700 951 725 quos
965 692 1022 717 suis
1035 693 1106 718 arbi-

171 728 277 748 trantur
294 724 450 750 confirmari
468 725 625 757 desideriis,
648 726 770 757 visitant,
792 734 858 751 suos
880 727 921 752 eis
943 732 1106 752 evomentes

171 764 322 791 conceptus
338 758 457 792 iniquos,
469 764 495 784 et
510 759 731 793 conspirationes
745 759 839 785 forsan
852 760 960 786 illicitas
970 760 1105 787 adversus

171 800 220 816 nos
239 798 266 817 et
284 793 353 817 alios
372 798 585 826 pertractantes,
607 799 634 819 et
653 794 764 819 denium
783 795 818 820 ab
838 795 910 827 inde,
929 803 985 820 non
998 795 1105 829 absque

171 826 285 851 notabili
297 826 371 852 sedis
386 827 546 860 praedictae
557 833 728 861 contemptu,
739 829 895 854 reverentia
905 834 961 854 tam
972 834 1106 855 consueta

171 868 255 893 quam
271 860 367 886 debita
385 869 440 886 non
459 862 581 887 exhibita
597 863 722 887 Romano
738 863 874 895 Pontifici,
890 868 916 889 et
930 872 981 889 nec
995 864 1029 889 ab
1044 864 1105 897 ipso

170 895 258 927 petita
275 895 386 920 licentia
403 903 454 921 nec
472 896 587 922 obtenta
605 896 748 922 recedunt.
784 898 842 923 Nos
860 898 951 930 igitur,
974 902 1001 923 et
1019 898 1105 931 ipsius

170 929 246 954 sedis
265 929 363 954 honori
382 930 409 954 in
426 930 477 955 hac
495 935 575 964 parte
593 931 764 964 prospicere,
787 939 819 956 ac
838 933 932 957 talium
950 932 1105 958 insolentiis

170 962 254 988 finem
277 964 423 997 imponere
445 965 599 998 cupientes,
622 965 657 990 de
679 965 795 991 fratrum
814 971 972 991 nostrorum
990 967 1104 991 consilio

170 997 293 1030 generali
307 998 487 1036 prohibemus
501 999 603 1030 edicto,
614 1007 648 1024 ne
660 999 694 1025 de
705 1004 798 1025 cetero
813 1001 924 1033 praesul
934 1001 1034 1033 aliquis
1046 1001 1106 1026 sine

170 1031 212 1056 sui
226 1033 377 1065 superioris
391 1033 510 1065 licentia,
529 1033 581 1058 nisi
599 1042 648 1066 pro
668 1034 787 1067 negotiis
806 1035 941 1060 ecclesiae
959 1034 1011 1060 sibi
1030 1043 1104 1060 com-

169 1065 283 1098 missae,
305 1071 381 1092 extra
403 1075 482 1092 suam
505 1067 657 1093 dioecesim
674 1068 777 1094 audeat
795 1074 968 1102 pernoctare,
991 1068 1106 1094 firmiter

170 1104 336 1132 statuentes,
362 1106 400 1133 ut,
426 1101 585 1135 quicunque
609 1102 735 1135 pontifex
759 1102 795 1128 ad
820 1103 976 1128 Romanam
1001 1103 1105 1128 curiam

170 1134 285 1172 veniens
298 1135 399 1168 papale
418 1135 551 1168 palatium
570 1136 697 1169 primitus
714 1137 817 1168 visitat,
834 1137 870 1162 ad
884 1138 996 1171 Papam,
1015 1137 1037 1162 si
1051 1137 1104 1162 hoc

170 1173 292 1201 patiatur
311 1170 445 1203 temporis
465 1171 667 1203 opportunitas,
690 1171 847 1203 intraturus,
870 1180 902 1197 ac
920 1172 1104 1197 reverentiam

170 1208 333 1228 consuetam
350 1208 379 1229 et
397 1204 521 1229 debitam
535 1205 706 1230 exhibiturus
720 1205 821 1237 eidem,
839 1206 996 1232 nullatenus
1014 1214 1104 1231 reces-

171 1245 251 1262 surus
261 1246 278 1262 a
288 1237 372 1269 curia,
382 1237 435 1263 nisi
448 1238 483 1263 ab
495 1239 556 1271 ipso
567 1247 651 1272 super
661 1239 714 1264 hoc
725 1240 812 1273 petita
822 1240 933 1266 licentia
943 1245 971 1266 et
981 1240 1104 1266 obtenta.

171 1271 279 1304 Quodsi
299 1280 379 1297 secus
396 1281 413 1297 a
430 1281 573 1306 quoquam
591 1281 674 1306 super
691 1273 733 1298 his
752 1273 834 1299 fuerit
851 1279 1030 1300 attentatum:
1053 1283 1104 1300 nos

171 1313 356 1339 quoscunque
374 1307 524 1340 praelatos,
543 1308 669 1340 quamvis
683 1308 766 1333 etiam
780 1309 955 1341 patriarchali
969 1309 1105 1342 dignitate

171 1339 320 1373 fulgentes,
334 1341 373 1365 sic
386 1341 422 1365 ad
436 1341 533 1367 sedem
543 1341 721 1373 accedentes,
733 1346 760 1368 et
770 1343 805 1368 ab
817 1343 861 1368 illa
873 1344 913 1375 (ut
926 1343 1104 1376 praedicitur)

168 1374 346 1412 recedentes,
369 1383 420 1400 nec
437 1383 492 1400 non
511 1375 651 1409 quoslibet
665 1376 744 1408 alios,
767 1377 813 1410 qui
832 1377 901 1403 tales
915 1378 990 1411 apud
1008 1377 1105 1403 sedem

168 1416 258 1441 ipsam
289 1414 435 1442 receptare
464 1410 716 1443 praesumpserint,
745 1411 797 1436 nisi
826 1416 890 1438 ante
914 1420 978 1437 rece
1001 1412 1105 1437 tionem

169 1442 329 1468 huiusmodi
343 1443 436 1469 eidem
449 1443 577 1469 Romano
590 1444 716 1470 Pontifici
727 1445 944 1477 significaverint
954 1455 970 1471 a
991 1451 1105 1471 ventum

168 1476 288 1509 illorum,
303 1476 480 1504 decernimus
493 1486 527 1504 eo
541 1479 602 1512 ipso
617 1483 712 1504 notam
726 1479 896 1506 infidelitatis
910 1480 1059 1512 incurrere,
1073 1489 1105 1506 ac

170 1512 465 1538 excommunicationis
479 1513 636 1539 sententiae
650 1513 805 1540 subiacere.
841 1515 914 1540 Nulli
927 1523 995 1548 ergo
1009 1519 1062 1541 etc.

488 1643 710 1674 TITULUS
737 1645 786 1674 IX.

392 1710 448 1736 DE
474 1711 654 1738 TREUGA
681 1712 736 1737 ET
764 1711 881 1738 PACE.

583 1797 655 1817 CAP.
672 1798 689 1816 1.

174 1839 250 1859 Sinus
259 1838 328 1864 Papa,
339 1839 417 1859 volens
427 1840 569 1863 discordiam,
584 1846 610 1859 ex
622 1841 758 1864 pragmatica
768 1840 883 1859 sanctione
893 1840 1013 1864 subortam,
1028 1839 1106 1858 sedai-e

170 1866 290 1884 ordinariis
306 1867 367 1889 regni
383 1867 491 1885 Franciae
506 1867 532 1885 ad
551 1867 688 1885 conferenda
712 1867 821 1885 beneficia.
839 1872 876 1885 sex
892 1872 980 1884 meuses
996 1866 1106 1884 concedit.

170 1892 310 1910 Facultatum
326 1892 466 1910 concedendi
480 1897 518 1910 sex
533 1893 615 1914 gratias
626 1893 667 1910 sibi
684 1893 771 1910 retinet.
801 1892 912 1910 Beneficia
927 1891 1074 1910 cardinalium
1085 1894 1106 1910 et

170 1923 255 1940 eorum,
276 1918 313 1940 qui
334 1917 485 1936 cardinalibus
505 1920 555 1936 sunt
575 1918 703 1939 familiares,
723 1918 746 1936 in
761 1923 829 1941 regno
843 1918 952 1936 Franciae
968 1917 1104 1939 exsistentia,

169 1949 223 1961 suae
233 1943 374 1966 dispositioni
389 1948 456 1966 usque
472 1943 498 1961 :id
516 1946 601 1961 cei-tuni
617 1947 702 1967 teinpus
716 1946 823 1962 reservat.
850 1944 883 1962 De
895 1943 1008 1961 benefieiis
1019 1949 1105 1966 promo-

168 1969 292 1987 vendorum
304 1969 355 1992 quini
367 1969 413 1987 fieri
425 1969 510 1991 debeat,
519 1969 622 1987 ostenuit.
638 1970 720 1987 Causas
731 1969 873 1987 beneficiales
884 1969 906 1987 in
917 1969 988 1992 prima
999 1969 1106 1987 instant-ia

168 1995 217 2013 vult
231 1995 253 2012 in
268 1994 367 2018 partibus
383 1995 507 2014 terminari.
523 1995 545 2013 in
555 1995 635 2017 quibus
650 1997 702 2013 ante
717 1995 854 2013 definitivam
865 1995 1007 2014 sententiam.
1019 1995 1071 2012 (nisi
1083 1995 1105 2012 in

169 2025 215 2039 uno
225 2024 295 2041 casu.)
306 2023 365 2038 vetat
375 2020 491 2044 appellari.
510 2021 569 2042 Quid
580 2020 607 2039 de
617 2021 696 2042 causis,
708 2021 730 2038 in
741 2021 801 2039 curia
812 2020 967 2043 pendentibus.
979 2020 1104 2038 faciendum

169 2047 205 2069 i-it,
221 2049 303 2064 narrat.
340 2046 362 2064 Si
378 2049 451 2064 autern
467 2046 544 2065 eadem
556 2052 622 2064 causa
632 2047 654 2064 in
666 2046 759 2064 divers-is
770 2046 845 2069 cui-iis,
861 2046 955 2064 diversis
969 2046 1106 2069 respectibus

170 2073 284 2093 tractatur.
296 2077 392 2095 quonam
403 2074 466 2095 paeto
477 2072 619 2090 terminanda
628 2072 663 2091 sit.
674 2072 710 2090 liic
721 2072 834 2090 recitatur.
854 2072 926 2090 'l'axas
938 2072 1104 2094 beneficiorum

169 2097 241 2116 editas
251 2103 264 2116 a
274 2098 357 2117 Ioanne
368 2097 438 2116 XXII.
448 2097 569 2116 servandas
584 2100 666 2116 censet.
690 2098 790 2116 Tandem
802 2100 887 2121 teinpus
897 2097 967 2121 pouit,
979 2098 1037 2116 iuti-a
1048 2098 1105 2121 quod

458 2123 505 2143 vult
515 2123 557 2142 ista
566 2123 678 2147 acceptari
688 2126 709 2142 et
719 2123 811 2142 servari.

549 2183 662 2209 Sixtus
682 2183 728 2208 lv.

239 2234 285 2260 Ad
314 2233 476 2260 universalis
506 2233 641 2260 ecclesiae
665 2234 790 2267 regimen
815 2233 908 2259 divina
938 2233 1105 2267 disponente

171 2268 318 2295 clementia
339 2268 455 2300 vocatis,
476 2268 548 2294 inter
564 2269 618 2294 alia
635 2276 685 2302 pro
704 2267 917 2293 commissorum
938 2269 1105 2302 populorum

170 2303 265 2329 votiva
291 2303 439 2328 dilectione
465 2302 503 2327 nil
528 2303 645 2328 occurrit
671 2303 871 2336 praestantius,
899 2311 983 2336 quam
1011 2307 1106 2328 exorta

172 2338 244 2364 inter
265 2345 400 2371 personas
422 2336 626 2362 ecclesiasticas
648 2337 779 2370 principis
804 2337 982 2362 tenebrarum
1004 2337 1105 2362 astutia

172 2372 375 2397 discordiarum
397 2371 520 2396 fomenta
542 2379 592 2404 per
613 2376 726 2396 nostrae
749 2371 941 2396 sollicitudinis
960 2379 1105 2397 occursum

174 2407 301 2440 protinus
326 2405 513 2438 exstinguere,
539 2409 577 2437 ut,
602 2405 722 2430 cuiusvis
746 2405 933 2431 altercationis
959 2406 1106 2432 salubriter

172 2440 275 2466 evulsis
293 2440 455 2472 seminibus,
474 2439 550 2473 pacis
568 2444 596 2465 et
613 2439 819 2473 tranquillitatis
837 2439 1013 2466 dulcedinem
1035 2440 1106 2466 inter

173 2474 294 2500 creditos
307 2474 388 2500 nobis
402 2474 522 2508 populos
536 2473 630 2499 divina
647 2474 795 2499 assistente
813 2474 903 2507 gratia
920 2475 1064 2508 imponere
1078 2479 1106 2500 et

173 2516 340 2534 conservare
353 2509 503 2534 valeamus.
540 2508 690 2541 Cupientes
705 2508 807 2541 itaque,
821 2513 859 2541 ut,
873 2509 1006 2534 suscitata
1019 2514 1105 2534 retro-

173 2543 242 2568 actis
256 2543 431 2576 temporibus
449 2542 597 2574 discordia,
615 2542 686 2576 proh
705 2542 797 2567 dolor!
817 2542 844 2567 in
863 2551 950 2576 regno
964 2543 1106 2575 franciae,

174 2577 355 2611 Delphinatu,
373 2577 489 2610 aliisque
508 2577 588 2602 terris
605 2581 633 2602 et
651 2576 780 2601 dominiis
799 2577 932 2602 carissimi
950 2578 977 2602 in
995 2577 1105 2603 Christo

175 2611 221 2636 filii
232 2612 319 2636 nostri
329 2611 470 2643 Ludovici,
481 2611 650 2636 Francorum
660 2611 733 2644 regis
745 2610 865 2642 illustris,
877 2611 947 2636 inter
960 2611 1105 2637 nonnullas

173 2654 206 2671 ex
220 2646 327 2671 eisdem
341 2653 476 2679 personas
489 2646 637 2671 occasione
650 2644 795 2670 cuiusdam
806 2645 1020 2678 constitutionis,
1035 2654 1106 2679 quae

174 2680 202 2705 in
215 2680 317 2706 eodem
335 2688 422 2713 regno
439 2679 542 2705 diutius
556 2679 678 2711 inolevit,
699 2687 782 2712 quarn
796 2687 934 2712 personae
947 2680 1106 2713 praedictae

175 2714 375 2747 pragmaticam
394 2714 567 2740 sanctionem
584 2718 694 2745 vocant,
711 2721 755 2745 ne,
773 2713 804 2745 si,
819 2713 894 2746 quod
907 2714 989 2746 absit,
1002 2714 1107 2740 maiora

176 2748 300 2774 fomenta
318 2753 450 2780 sumeret,
467 2748 569 2774 damna
605 2748 688 2773 ariter
705 2752 733 2774 et
750 2747 878 2780 graviora
891 2748 1023 2774 scandala
1036 2749 1106 2782 peri-

176 2782 293 2816 culaque
311 2783 558 2816 subsequerentur,
601 2790 635 2808 ne
653 2782 748 2808 debito
766 2781 918 2813 claudatur,
940 2788 967 2808 et
985 2783 1107 2808 totaliter

177 2816 343 2849 secludatur,
354 2817 517 2842 auctoritate
528 2816 682 2850 apostolica
691 2825 725 2842 ex
736 2820 811 2841 certa
821 2815 936 2841 scientia
946 2817 982 2842 (le
992 2816 1107 2842 fratrum

176 2856 334 2876 nostrorum
347 2851 462 2877 concilio
474 2851 603 2876 omnibus
616 2856 643 2876 et
654 2850 770 2883 singulis
783 2850 916 2884 praelatis
930 2855 958 2876 et
971 2851 1031 2876 aliis
1045 2859 1106 2885 per-

178 2886 253 2910 sonis
267 2885 462 2911 ecclesiasticis
475 2885 564 2918 regni,
577 2885 773 2918 Delphinatus,
787 2890 921 2910 terrarum
931 2890 959 2910 et
972 2884 1106 2910 dominio-

177 2926 238 2943 rum
259 2919 421 2951 eorundem,
447 2919 483 2945 ad
505 2927 576 2953 quos
602 2919 778 2952 dignitatum,
804 2919 978 2952 aliorumque
1003 2919 1107 2945 benefi-

178 2953 282 2978 ciorum
293 2953 554 2985 ecclesiasticorum,
567 2958 703 2979 terrarum
716 2958 745 2979 et
755 2953 941 2978 dominiorum
954 2953 1106 2980 eorundem

179 2986 297 3018 collatio,
323 2988 453 3021 provisio,
478 2988 676 3022 praesentatio,
701 2987 810 3019 electio,
840 2995 889 3013 seu
915 2987 1030 3021 quaevis
1055 2989 1108 3014 alia

180 3019 325 3052 dispositio
339 3023 467 3055 pertinet,
485 3023 520 3048 de
554 3022 677 3047 uibusvis
691 3022 884 3055 dignitatibus,
901 3022 1107 3055 personatibus,

179 3053 478 3088 administrationibus,
504 3031 616 3089 ofgciis,
645 3056 852 3082 canonicatibus
878 3060 906 3082 et
928 3056 1108 3090 praebendis,

472 239 688 265 izxritAVAG.
708 239 878 265 COMMUN.
898 238 963 265 LIB.
982 239 1001 265 .
1020 238 1090 265 TIT.
1108 238 1179 265 VIII.
1197 239 1244 265 ix.
1263 238 1314 265 DF.
1332 238 1487 265 TREUGA
1505 239 1554 265 ET
1571 239 1676 266 PACE.
1695 248 1718 266 6.
1741 247 1762 266 1.

2003 238 2069 265 1248

1139 325 1190 343 nec
1204 325 1258 343 non
1271 317 1330 342 aliis
1344 316 1496 348 beneficiis
1510 316 1715 350 ecclesiasticis,
1729 325 1790 343 cum
1804 324 1868 343 cura
1881 320 1909 342 et
1922 316 1981 342 sine
1994 323 2068 348 cura,

1140 352 1327 377 saecularibus
1341 355 1367 376 et
1382 350 1564 383 regularibus,
1577 351 1613 376 ad
1627 360 1722 377 eorum
1736 352 1920 383 collationem,
1934 350 2068 384 provisio-

1139 393 1212 417 nem,
1223 385 1488 419 praesentationem,
1499 385 1664 411 electionem
1675 394 1723 412 seu
1738 386 1863 419 quamvis
1877 385 1959 411 aliam
1974 384 2067 418 dispo-

1142 420 1271 446 sitionem
1285 419 1496 453 pertinentibus,
1516 427 1588 452 quae
1602 419 1734 458 deinceps
1752 421 1778 445 in
1793 420 1943 450 Februarii,
1956 418 2069 452 Aprilis,

1140 454 1217 485 Iunii,
1231 454 1360 487 Augusti,
1375 453 1503 479 Octobris
1517 457 1545 479 et
1559 454 1722 479 Decembris
1739 454 1882 480 mensibus
1896 453 1994 479 futuris
2008 461 2069 486 per-

1141 489 1231 521 petuis
1246 489 1418 522 temporibus
1432 495 1530 513 vacare
1544 487 1699 520 contigerit,
1718 488 1880 521 (dummodo
1895 486 2069 521 dispositioni

1141 523 1312 555 apostolicae
1330 530 1363 548 ex
1377 522 1469 555 aliqua
1486 522 1609 554 generali
1628 522 1815 548 reservatione
1833 523 1860 547 in
1873 530 1989 556 corpore
2003 521 2068 546 iuris

1141 556 1242 588 clausa,
1255 562 1301 582 aut
1315 565 1365 590 per
1377 557 1491 582 alteram
1507 564 1539 581 ex
1553 556 1795 582 constitutionibus
1809 556 1928 582 felicium
1942 555 2069 582 recorda-

1144 590 1250 616 tionum
1271 590 1415 616 Benedicti
1437 591 1517 621 Xiii
1541 598 1612 623 qnae
1635 590 1740 623 incipit:
1761 590 1827 622 Ad
1850 590 2002 623 regimen,
2024 594 2070 615 aut

1141 625 1250 650 Ioannis
1263 625 1348 650 XXII.
1367 625 1555 650 Romanorum
1574 624 1737 649 Pontificum
1754 624 2003 658 praedecessorum
2021 632 2069 649 no-

1141 663 1270 691 strorum,
1285 667 1356 692 quae
1370 659 1477 692 incipit:
1499 658 1736 690 Exseci-abilis,
1754 667 1803 684 seu
1818 659 2028 684 constitutiones
2042 662 2070 683 et

1141 693 1252 725 regulas
1270 693 1450 719 cancellariae
1472 693 1643 726 apostolicae
1666 701 1716 725 per
1737 701 1788 717 nos
1810 701 1893 726 super
1910 693 1963 718 hoc
1980 692 2070 718 editas

1141 732 1282 752 reservata
1298 727 1465 760 generaliter
1479 735 1534 752 non
1547 727 1702 759 exsistant)
1717 726 1832 760 perinde
1846 735 1877 752 ac
1891 727 1913 752 si
1930 726 2041 760 aliquae
2054 734 2070 751 a

1142 761 1209 786 sede
1231 761 1385 795 apostolica
1406 761 1451 786 vel
1473 761 1531 786 eius
1554 761 1655 793 legatis
1673 761 1880 794 exspectativae
1901 760 1998 786 literae
2015 768 2070 786 non

1141 800 1328 827 emanassent,
1349 795 1436 821 libere
1454 795 1621 829 disponendi
1644 795 1804 820 facultatem
1826 795 2003 820 concedimus
2020 803 2072 828 per

1141 834 1313 862 praesentes.
1350 830 1384 854 Iit
1403 829 1468 863 quia
1490 829 1534 855 isti
1553 829 1651 855 summi
1672 829 1817 855 Pontifices
1836 828 2070 862 praedecessores

1140 864 1227 888 nostri
1246 868 1449 889 consueverunt
1467 872 1497 889 se
1515 864 1541 889 in
1560 863 1786 889 concessionibus
1805 863 1955 895 gratiarum
1973 871 2071 896 exspe-

1142 897 1306 922 ctativarum
1319 898 1446 931 personis
1459 898 1531 923 bene
1545 898 1650 924 meritis
1661 898 1792 924 exhibere
1805 898 1946 923 liberales:
1961 901 2072 922 nostrae

1143 931 1303 957 intentionis
1317 932 1425 957 exsistit
1438 932 1591 958 concedere
1605 933 1631 957 in
1645 940 1740 965 regno,
1754 931 1934 966 Delphinatu,
1951 931 2031 957 terris
2045 935 2072 957 et

1143 965 1273 991 dominiis
1291 966 1369 998 regni
1386 966 1554 998 huiusmodi,
1576 967 1647 991 ultra
1665 967 1767 999 gratias
1785 965 1998 999 exspectativas,
2021 973 2072 998 per

1141 1008 1191 1025 nos
1205 1000 1231 1025 in
1245 1000 1353 1025 eisdem
1366 1008 1462 1033 regno,
1479 1000 1659 1034 Delphinatu,
1677 1001 1756 1026 terris
1775 1005 1802 1026 et
1816 1000 1945 1025 dominiis
1960 1007 2072 1025 conces-

1141 1042 1199 1065 sas,
1225 1034 1337 1068 (quibus
1362 1034 1389 1059 in
1413 1034 1507 1068 aliquo
1532 1035 1723 1068 praeiudicare
1747 1043 1802 1060 non
1828 1034 1997 1060 intendimus
2022 1042 2073 1067 per

1142 1072 1316 1102 praesentes,
1330 1076 1456 1102 quasque
1470 1069 1497 1093 in
1510 1076 1560 1093 suo
1574 1069 1674 1095 robore
1688 1077 1851 1102 permanere
1861 1068 2009 1101 volumus,)
2024 1076 2072 1094 sex

1140 1102 1267 1136 personis
1281 1102 1389 1128 idoneis
1403 1103 1550 1135 regnicolis
1564 1111 1612 1128 sex
1625 1103 1692 1128 alias
1706 1103 1808 1136 gratias
1820 1102 2023 1136 exspectativas
2036 1101 2072 1127 ad

1142 1137 1295 1170 quamlibet
1312 1137 1498 1169 collationem,
1520 1137 1717 1170 provisionem,
1741 1137 2003 1171 praesentationem,
2022 1144 2072 1162 seu

1141 1171 1268 1204 quamvis
1281 1171 1363 1196 aliam
1375 1171 1588 1204 dispositionem
1601 1171 1773 1204 singulorum
1784 1180 1817 1197 ex
1830 1171 1960 1205 praelatis
1971 1175 1999 1197 et
2012 1170 2073 1196 aliis

1141 1205 1267 1239 personis
1290 1205 1449 1239 praedictis.
1490 1205 1530 1230 Ex
1553 1205 1654 1239 quibus
1677 1206 1790 1239 quidem
1813 1214 1861 1231 sex
1882 1205 1977 1238 gratiis
2000 1204 2071 1230 duae

1141 1240 1247 1272 gratiae
1261 1239 1468 1273 exspectativae
1481 1239 1670 1265 concedentur
1683 1239 1791 1265 (luobus
1806 1240 1910 1265 clericis
1924 1239 2072 1272 regnicolis

1142 1273 1260 1306 idoneis,
1282 1282 1334 1308 pro
1357 1274 1457 1307 quibus
1479 1282 1527 1299 rex
1549 1274 1618 1307 ipse,
1641 1278 1668 1299 et
1682 1274 1824 1299 carissima
1841 1274 1867 1299 in
1886 1274 1996 1299 Christo
2017 1273 2073 1298 filia

1140 1313 1234 1334 nostra
1251 1308 1356 1341 regina,
1375 1316 1406 1334 ac
1424 1308 1542 1334 dilectus
1560 1308 1630 1333 filius
1648 1308 1748 1333 nobilis
1766 1308 1806 1333 vir
1818 1308 1974 1342 Delphinus
1988 1307 2072 1333 Vien-

1140 1343 1244 1375 nensis,
1261 1351 1313 1368 nec
1329 1351 1384 1367 non
1401 1342 1527 1375 magistri
1546 1347 1573 1368 et
1591 1342 1784 1376 praesidentes
1802 1350 1834 1367 ac
1847 1342 1892 1367 alii
1906 1341 2030 1367 officiarii
2044 1341 2072 1366 in

1140 1377 1234 1410 aliquo
1248 1385 1281 1402 ex
1294 1377 1474 1410 parlamentis
1492 1377 1566 1409 regis
1585 1377 1712 1402 eiusdem
1725 1376 1803 1410 regni
1820 1376 1901 1402 nobis
1919 1384 2003 1410 super
2018 1376 2072 1401 hoc

1140 1411 1308 1437 unanimiter
1329 1411 1535 1445 supplicabunt,
1558 1411 1604 1444 qui
1626 1411 1681 1436 duo
1704 1411 1836 1436 nominati
1858 1419 1909 1444 per
1930 1418 2026 1443 regem
2044 1414 2072 1436 et

1141 1445 1275 1478 reginam,
1294 1445 1474 1479 Delphinum,
1491 1445 1649 1478 magistros,
1667 1445 1860 1479 praesidentes
1879 1449 1907 1470 et
1925 1444 2072 1470 officiarios

1140 1479 1292 1513 praefatos,
1311 1480 1453 1512 gaudeant
1470 1479 1673 1513 praerogativis
1686 1479 1722 1505 ad
1736 1479 1822 1504 instar
1835 1479 2011 1504 familiarium
2023 1487 2072 1504 no-

1141 1518 1260 1539 strorum
1279 1514 1471 1539 continuorum
1489 1514 1728 1540 commensalium.
1770 1513 1897 1547 ipsisque
1911 1521 1959 1539 sex
1976 1513 2073 1547 gratiis

1140 1548 1311 1582 consumptis
1325 1548 1393 1574 alias
1407 1556 1455 1574 sex
1468 1549 1571 1581 gratias
1587 1548 1691 1573 similes
1705 1547 1765 1573 aliis
1781 1556 1829 1574 sex
1842 1547 1927 1581 gratis
1944 1547 2072 1581 personis

1141 1582 1249 1608 idoneis
1271 1583 1357 1608 modo
1379 1587 1407 1609 et
1428 1582 1517 1608 forma
1539 1582 1699 1616 praemissis
1722 1582 1877 1608 concedere
1894 1582 2073 1608 intendimus.

1141 1617 1276 1642 Volumus
1290 1622 1384 1642 autem
1394 1625 1426 1642 ac
1436 1616 1544 1642 eisdem
1557 1617 1722 1643 auctoritate
1733 1621 1761 1642 et
1774 1621 1870 1642 tenore
1883 1616 2073 1650 praesentium

1141 1651 1318 1677 decernimus
1332 1656 1359 1677 et
1370 1651 1553 1683 declaramus,
1564 1651 1709 1684 beneficia,
1721 1659 1792 1684 quae
1805 1650 2006 1677 venerabilium
2019 1650 2072 1676 fra-

1141 1690 1213 1711 trum
1237 1690 1396 1711 nostrorum
1425 1690 1538 1711 sanctae
1561 1686 1705 1711 Romanae
1734 1685 1870 1711 ecclesiae
1894 1685 2074 1711 cardinalium

1142 1719 1293 1746 familiares
1318 1720 1440 1746 continui
1465 1721 1676 1752 commensales,
1701 1728 1797 1746 eorum
1818 1719 2004 1745 familiaritate
2025 1719 2075 1744 du-

1141 1759 1228 1787 rante,
1242 1755 1269 1779 in
1282 1763 1379 1788 regno,
1398 1755 1579 1788 Delphinatu,
1598 1754 1676 1780 terris
1691 1759 1718 1780 et
1736 1754 1865 1779 dominiis
1878 1753 2011 1788 praefatis
2025 1753 2074 1779 ob

1142 1788 1238 1820 tinent,
1257 1793 1283 1814 et
1302 1789 1329 1814 in
1347 1793 1491 1822 posterum
1509 1789 1684 1820 obtinebunt,
1707 1788 1884 1822 dispositioni
1901 1787 2074 1822 apostolicae

1141 1822 1169 1847 in
1182 1827 1327 1856 posterum
1341 1823 1447 1848 censeri
1461 1827 1612 1854 reservata,
1626 1822 1758 1856 quamdiu
1773 1823 1905 1848 duntaxat
1918 1822 2072 1848 cardinales

1141 1857 1259 1890 praefati
1276 1857 1360 1882 vitain
1379 1857 1507 1882 duxerint
1524 1857 1551 1882 in
1569 1857 1706 1888 humanis,
1723 1865 1756 1882 ac
1773 1861 1837 1890 post
1855 1857 1961 1882 obitum
1975 1864 2074 1882 eorun

1141 1891 1205 1916 dem
1219 1891 1400 1916 cardinalium
1413 1899 1463 1924 per
1476 1900 1525 1917 sex
1538 1899 1625 1916 annos
1639 1892 1769 1916 continue
1783 1895 1944 1925 sequentes.
1965 1891 2073 1924 Quibus

1142 1925 1255 1958 quidem
1269 1933 1316 1950 sex
1329 1925 1408 1951 annis
1422 1925 1524 1959 elapsis
1538 1925 1593 1957 alii,
1611 1925 1647 1950 ad
1665 1933 1736 1959 quos
1755 1925 1907 1951 eorundem
1924 1924 2073 1951 beneficio-

1140 1967 1201 1984 rum
1214 1959 1334 1991 collati0
1348 1959 1479 1993 provisio,
1493 1959 1692 1993 praesentatio,
1706 1960 1816 1992 electio,
1829 1968 1879 1985 seu
1891 1959 2005 1993 quaevis
2019 1959 2074 1984 alia

1142 1993 1290 2027 dispositio
1301 1994 1368 2019 alias
1383 1994 1512 2027 pertinet,
1527 1994 1562 2020 de
1571 1993 1715 2020 beneficiis
1727 1993 1903 2019 familiarium
1913 1993 2072 2019 huiusmodi

1141 2028 1166 2053 in
1181 2036 1277 2061 regno,
1291 2029 1471 2061 Delphinatu,
1489 2028 1569 2053 terris
1583 2032 1611 2053 et
1625 2027 1754 2053 dominiis
1773 2028 1907 2062 praefatis
1921 2028 2074 2053 consisten-

1141 2062 1224 2094 tibus,
1242 2062 1269 2087 in
1287 2062 1436 2096 praedictis
1455 2062 1598 2088 mensibus
1616 2062 1765 2096 disponere
1778 2062 1897 2095 valeant,
1914 2061 2073 2088 huiusmodi

1140 2096 1329 2122 reservatione
1347 2105 1403 2122 non
1417 2097 1554 2122 obstante.
1592 2096 1778 2122 Concedimus
1792 2097 1885 2129 etiarn,
1899 2096 1976 2130 quod
1989 2096 2074 2122 bene

1141 2131 1275 2163 ficiorum,
1294 2139 1366 2164 quae
1380 2131 1563 2165 promovendi
1576 2139 1626 2165 per
1638 2139 1689 2156 nos
1703 2131 1740 2156 ad
1754 2131 1913 2164 dignitates,
1927 2139 1976 2156 seu
1988 2131 2074 2156 bene-

1142 2165 1203 2191 ficia
1221 2165 1423 2191 consistorialia
1441 2166 1563 2199 ipsarum
1580 2165 1780 2199 provisionum,
1797 2174 1848 2199 per
1864 2173 1915 2191 nos
1929 2165 1964 2191 de
1977 2173 2075 2191 eorum

1141 2200 1269 2233 personis
1287 2199 1487 2232 faciendarum,
1505 2200 1680 2232 obtinebunt,
1698 2208 1730 2225 ac
1747 2200 1774 2225 in
1792 2200 1893 2233 quibus
1907 2203 1935 2225 et
1952 2199 1988 2225 ad
2001 2207 2074 2233 quae

1142 2235 1183 2260 ius
1205 2235 1246 2260 eis
1269 2234 1481 2268 quomodolibet
1504 2234 1639 2268 competit
1655 2242 1687 2259 ac
1705 2239 1866 2268 competere
1887 2234 1999 2268 poterit,
2025 2241 2075 2267 per

1141 2268 1332 2302 promotiones
1356 2268 1393 2294 ad
1419 2268 1569 2301 dignitates
1592 2273 1620 2294 et
1641 2268 1695 2294 alia
1715 2268 1852 2294 beneficia
1873 2267 2075 2294 consistorialia

1141 2303 1294 2337 praedicta,
1318 2311 1350 2328 ac
1374 2311 1474 2328 munus
1499 2302 1717 2328 consecrationis
1742 2302 1851 2328 eisdem
1876 2301 2074 2336 promovendis

1141 2337 1370 2371 impendendum,
1393 2345 1442 2363 seu
1464 2337 1573 2370 lapsum
1596 2337 1730 2370 temporis
1749 2337 1784 2363 de
1802 2336 1998 2363 consecrandis
2016 2336 2074 2370 epi-

1141 2372 1234 2405 scopis
1257 2381 1273 2397 a
1295 2371 1379 2397 sacris
1401 2371 1554 2397 canonibus
1577 2371 1683 2397 definiti
1701 2376 1904 2404 vacaturorum,
1921 2371 1945 2396 si
1962 2378 2074 2405 promo-

1142 2406 1232 2432 tiones
1250 2406 1328 2440 ipsae
1347 2406 1374 2431 in
1391 2405 1484 2439 aliquo
1503 2414 1536 2431 ex
1554 2414 1638 2439 supra
1657 2405 1738 2431 dictis
1759 2405 1902 2431 mensibus
1925 2405 2000 2437 fiant,
2021 2403 2074 2430 nisi

1141 2440 1278 2466 beneficia
1295 2440 1355 2474 ipsa
1369 2444 1464 2466 essent
1481 2440 1549 2465 alias
1564 2439 1740 2473 dispositioni
1755 2439 1927 2474 apostolicae
1936 2440 1982 2499 (gut
1994 2447 2073 2473 prae-

1141 2475 1237 2507 fertur)
1256 2479 1406 2506 reservata,
1429 2474 1463 2500 ad
1482 2475 1622 2508 praelatos
1641 2479 1669 2500 et
1686 2482 1820 2508 personas
1838 2482 1923 2508 supra
1956 2474 2034 2506 ictas,
2051 2472 2075 2498 si

1142 2517 1207 2535 vero
1225 2509 1253 2534 in
1269 2509 1329 2534 aliis
1347 2509 1491 2534 mensibus
1510 2508 1700 2542 promotiones
1719 2508 1827 2534 eisdem
1845 2508 1903 2534 fieri
1922 2508 2074 2541 contingat,

1141 2544 1177 2569 ad
1195 2551 1242 2569 nos
1261 2548 1288 2569 et
1305 2543 1447 2569 Romanos
1467 2543 1613 2568 Pontifices
1632 2551 1809 2568 successores
1826 2547 1937 2568 nostros
1952 2541 2073 2573 collatio,

1141 2577 1272 2611 provisio,
1294 2581 1322 2603 et
1344 2577 1505 2603 omnimoda
1527 2577 1673 2610 dispositio
1697 2577 1842 2611 pertineat.
1878 2577 1922 2609 Et,
1942 2575 2074 2610 quoniam

1141 2611 1217 2638 sedis
1241 2611 1413 2646 apostolicae
1438 2611 1608 2637 notariorum
1632 2620 1750 2643 magnus
1775 2611 1911 2644 reperitur
1934 2617 2073 2642 numerus,

1142 2646 1295 2672 eorundem
1313 2646 1491 2678 notariorum,
1509 2645 1555 2679 qui
1574 2646 1699 2671 habitum
1721 2654 1772 2679 per
1789 2645 1915 2671 eiusdem
1933 2645 2008 2671 sedis
2025 2651 2074 2669 no-

1142 2681 1226 2706 tarios
1251 2681 1355 2713 gestari
1380 2680 1492 2706 solitum
1514 2680 1626 2713 publice
1648 2684 1676 2706 et
1700 2680 1830 2705 continue
1851 2683 1973 2713 gestant,
1997 2681 2025 2704 et
2046 2677 2074 2702 in

1142 2719 1286 2749 posterum
1299 2715 1458 2747 gestabunt,
1473 2714 1610 2740 beneficia
1624 2714 1651 2739 in
1664 2714 1771 2740 eisdem
1784 2722 1881 2747 regno,
1895 2712 2072 2747 Delphinatu,

1142 2754 1169 2775 et
1183 2749 1263 2775 terris
1277 2749 1466 2780 consistentia,
1485 2748 1619 2774 duntaxat
1636 2753 1802 2774 censeantur
1819 2752 1968 2779 reservata,
1986 2745 2073 2780 quod-

1143 2791 1197 2816 que
1211 2791 1308 2809 omnes
1322 2787 1350 2809 et
1364 2783 1489 2816 singulae
1499 2791 1601 2808 causae
1614 2782 1792 2808 beneficiales
1803 2782 1829 2807 in
1843 2781 1967 2816 partibus
1980 2787 2073 2818 coram

1143 2817 1278 2843 iudicibus
1301 2817 1524 2851 competentibus
1546 2825 1636 2850 usque
1657 2817 1693 2842 ad
1715 2816 1861 2842 diffinitam
1883 2815 2023 2845 inclusive,
2046 2822 2073 2839 in

1142 2852 1231 2885 prima
1245 2852 1377 2877 duntaxat
1390 2851 1530 2884 instantia,
1544 2851 1570 2876 in
1584 2860 1639 2885 qua
1652 2851 1718 2876 nulli
1732 2856 1796 2877 ante
1806 2849 1979 2875 diffinitivam
1992 2848 2073 2874 liceat

1142 2886 1285 2920 appellare
1298 2894 1349 2912 nec
1362 2886 1523 2920 appellatio,
1537 2885 1559 2911 si
1573 2885 1655 2911 fuerit
1668 2885 1781 2917 emissa,
1794 2884 1878 2910 debet
1891 2882 2008 2921 admitti,
2022 2882 2074 2920 nisi

1142 2920 1177 2945 ab
1196 2920 1413 2952 interlocutoria,
1427 2920 1470 2946 vel
1489 2928 1505 2945 a
1522 2920 1684 2953 gravamine
1697 2919 1842 2952 negotium
1860 2916 2010 2954 principale
2023 2924 2072 2941 mi-

1142 2955 1216 2980 nime
1242 2959 1424 2987 concernent,
1449 2954 1524 2988 quod
1549 2962 1606 2979 non
1630 2953 1719 2987 possit
1743 2961 1794 2986 per
1816 2950 2033 2988 appellationem
2058 2959 2075 2976 a

1143 2988 1289 3015 diffinitiva
1307 2988 1445 3015 sententia
1462 2988 1594 3022 reparari,
1612 2987 1639 3013 in
1657 2987 1718 3013 aliis
1735 2994 1801 3012 vero
1819 2985 1954 3022 instantiis
1974 2992 2000 3009 in
2017 2985 2073 3010 Ro-

1144 3031 1225 3049 mana
1238 3023 1313 3049 curia
1326 3027 1486 3055 tractentur,
1501 3026 1704 3056 cognoscantur
1717 3026 1745 3046 et
1755 3020 1808 3045 fine
1819 3018 1914 3056 debito
1926 3019 2073 3056 terminen

1145 3062 1196 3083 tur.
1222 3058 1330 3084 Causae
1342 3066 1408 3084 vero
1423 3056 1610 3089 beneficiales,
1624 3055 1778 3089 pendentes
1792 3054 1819 3078 in
1828 3052 1903 3078 dicta
1915 3060 1990 3078 curia
2003 3053 2074 3080 inter
