2243 3288
114 256 180 284 1029

115 333 283 364 huiusmodi,
297 332 319 358 si
332 335 410 357 motu
424 331 536 365 proprio
551 338 615 357 eam
624 330 783 363 fecerimus,
797 334 827 355 ut
837 334 902 355 tunc
913 329 960 355 fiat
970 329 1052 355 inter-

115 368 234 403 pretatio
248 366 410 401 plenissima
423 366 450 391 in
464 365 574 397 eadem,
588 365 685 391 referri
697 365 826 391 volumus
839 364 877 390 ad
888 363 1053 398 dignitatem

114 403 159 429 vel
168 401 368 436 praebendam,
375 408 448 434 quae
458 400 530 426 inter
540 400 600 426 illas
610 400 723 426 maioris
733 403 863 426 censetur
869 407 932 424 esse
938 399 1039 424 valoris
1045 408 1052 430 ;

115 446 164 463 seu
177 436 200 462 si
213 436 269 461 sint
282 435 376 460 forsan
389 434 534 468 aequales,
547 434 584 460 ad
595 443 666 467 earn,
680 442 765 468 quam
775 434 807 466 is,
819 433 862 459 cui
873 433 1052 466 conferimus,

114 471 185 497 infra
201 469 371 495 decendium
388 473 453 503 post
470 469 595 495 habitam
615 469 652 495 de
669 469 744 494 dicta
760 468 907 494 vacatione
924 468 1052 494 notitiam

114 504 224 531 duxerit
244 503 415 537 eligendam.
462 503 491 529 Si
516 512 582 530 vero
607 503 645 529 ad
669 503 836 537 petitionem
857 502 971 528 alterius
992 503 1052 536 ipsa

113 539 205 573 gratia
225 538 308 564 suerit
329 546 381 572 per
401 546 453 564 nos
476 538 562 564 facta:
585 546 657 571 eam,
680 538 720 571 (ut
736 537 790 563 hoc
808 545 883 570 casu,
901 542 985 571 prout
1002 538 1052 563 iuri

114 573 250 607 congruit,
268 572 472 606 restringatur,)
495 573 532 598 ad
550 573 634 605 illam,
657 580 730 606 quae
751 572 865 598 minoris
887 572 988 598 valoris
1007 581 1052 598 ex-

113 608 196 640 sistit,
214 616 274 640 seu‚
293 607 316 633 si
334 607 369 633 sit
382 607 538 641 aequalitas
553 608 580 633 in
594 607 711 638 eisdem,
731 607 768 632 ad
781 615 853 639 eam,
872 615 956 640 quam
970 606 1002 639 is,
1016 607 1052 633 ad

114 650 199 676 quem
211 642 336 676 ipsarum
349 646 458 675 spectat
471 642 592 673 collatio,
606 641 677 667 infra
688 641 793 667 dictum
804 646 915 675 tempus
927 641 1052 675 elegerit,

113 680 266 711 postquam
287 676 340 702 sibi
362 676 522 702 huiusmodi
540 676 630 710 gratia
647 676 700 702 erit
717 680 794 708 nota,
816 676 993 702 decernimus
1010 685 1052 702 re-

113 711 269 737 ferendam.
305 711 448 737 Alterutro
468 719 583 745 quoque
600 711 734 744 ipsorum,
751 715 835 744 prout
852 710 889 736 ad
907 719 972 736 eum
989 719 1051 744 per-

114 745 192 778 tinet,
214 745 285 771 infra
306 749 418 779 tempus
441 745 569 771 debitum
591 745 696 780 eligere
717 745 888 779 negligente,
910 745 947 771 ad
968 746 1052 772 alium

113 784 215 806 extunc
228 779 328 807 electio
342 780 430 807 libere
444 780 617 807 devolvatur.

507 850 580 870 CAP.
595 850 663 870 XXV.

112 885 163 905 Non
173 884 267 904 debetur
276 885 415 909 exspectanti
424 885 560 909 praebenda,
567 890 623 909 quae
633 890 673 908 per
683 885 781 909 episcopi
791 885 949 909 praebendarii
960 886 1053 905 mortem

398 912 470 931 vacat.
497 912 526 930 Η.
537 911 558 930 d.
568 911 691 930 secundum
702 912 768 930 Zenz.

531 965 633 992 Idem.

182 1009 275 1043 Quum
292 1008 320 1034 in
338 1009 458 1035 ecclesia
475 1013 532 1042 tua,
555 1017 629 1043 quae
647 1010 707 1035 XII.
721 1009 919 1035 canonicorum
936 1013 964 1036 et
981 1010 1052 1035 XIII.

113 1043 340 1078 praebendarum
357 1044 444 1070 habet
464 1052 627 1076 numerum,
649 1044 881 1070 consuetudinem
903 1052 968 1070 esse
989 1052 1052 1078 pro-

114 1086 212 1112 ponas,
226 1083 256 1104 ut
268 1079 430 1112 episcopus,
449 1079 497 1112 qui
511 1082 554 1104 est
567 1087 618 1112 pro
632 1082 770 1112 tempore,
788 1087 886 1104 vocem
904 1079 1008 1104 habeat
1026 1079 1053 1104 in

113 1113 235 1147 capitulo
249 1117 385 1147 tanquam
399 1113 559 1145 canonicus,
578 1113 641 1139 licet
655 1113 804 1139 canonicus
818 1122 873 1138 non
886 1113 1011 1145 exsistat,
1025 1117 1053 1139 et

113 1156 198 1173 unam
211 1147 247 1173 de
260 1147 341 1173 dictis
360 1148 530 1181 praebendis
548 1147 619 1173 sicut
637 1156 708 1173 unus
723 1147 872 1173 canonicus
886 1148 1012 1173 obtineat
1026 1148 1053 1173 in

113 1182 227 1208 eadem:
242 1186 348 1208 certum
359 1186 410 1214 est,
422 1190 496 1214 eum,
507 1182 550 1208 cui
563 1182 729 1208 auctoritate
742 1182 899 1215 apostolica
911 1182 1053 1216 provideri

112 1216 270 1248 mandatur,
289 1216 325 1242 de
342 1217 515 1250 praebenda,
532 1217 599 1242 nulli
617 1216 663 1242 alii
677 1216 713 1242 de
730 1217 790 1242 iure
804 1216 908 1249 debita,
926 1217 1052 1250 proximo

112 1251 141 1277 in
158 1251 220 1285 ipsa
237 1251 358 1277 ecclesia
375 1256 517 1283 vacatura,
536 1251 737 1285 praebendam,
756 1259 841 1284 quam
863 1260 913 1285 per
934 1256 1054 1277 mortem

113 1285 238 1319 episcopi
251 1293 352 1311 vacare
365 1286 510 1319 contingit,
524 1287 570 1318 (ne
583 1290 680 1311 contra
693 1285 797 1311 dictam
810 1285 1053 1317 consuetudinem,

113 1321 157 1345 cui
167 1328 218 1354 per
228 1320 385 1354 praefatum
395 1320 558 1345 mandatum
564 1328 620 1345 non
630 1320 793 1353 intelligitur
800 1320 1053 1353 derogari,suturus

113 1354 265 1389 episcopus
279 1354 443 1388 praebenda
456 1359 559 1387 careat,
571 1359 599 1380 et
610 1354 700 1380 dictus
711 1354 909 1380 canonicorum
922 1363 1053 1380 numerus

114 1389 281 1423 amplietur,)
295 1389 400 1415 habere
414 1397 470 1415 non
483 1397 577 1423 posse,
592 1389 643 1414 sed
656 1394 821 1423 exspectare
835 1389 940 1416 debere
948 1390 967 1422 1,
986 1397 1053 1423 quo-

114 1432 205 1457 usque
217 1427 298 1450 vacet
311 1423 375 1457 alia,
388 1424 530 1458 oportebit
543 1423 674 1450 eundem.

503 1493 575 1513 CAP.
590 1494 670 1514 XXVI.

112 1529 157 1548 Per
174 1529 317 1553 adeptionem
337 1527 430 1547 secundi
449 1528 554 1547 beneficii
573 1528 656 1551 eui-ati,
680 1528 743 1547 cuius
767 1528 850 1547 fructus
868 1528 925 1548 alter
943 1534 971 1548 ex
989 1534 1056 1548 causa

318 1554 419 1578 percipit,
430 1559 475 1573 non
484 1556 550 1574 vacat
558 1555 663 1578 primum.
691 1554 768 1574 Ioann.
780 1554 849 1574 Andr.

535 1609 635 1635 Idem.

182 1652 220 1685 Si,
239 1652 289 1678 tibi
303 1660 439 1678 concesso
453 1660 469 1677 a
481 1652 573 1684 nobis,
591 1656 621 1677 ut
634 1651 740 1677 fructus
753 1652 963 1685 beneficiorum,
981 1661 1053 1686 quae

113 1695 205 1721 usque
218 1687 255 1713 ad
268 1691 374 1713 certum
390 1691 501 1720 tempus
512 1686 540 1712 in
550 1691 597 1712 tua
607 1687 746 1712 vacabunt
760 1687 893 1719 dioecesi,
907 1687 1053 1721 percipere

112 1722 208 1748 valeas
222 1730 273 1760 pro
287 1721 430 1747 solvendis
444 1721 556 1754 debitis,
571 1721 673 1755 quibus
686 1726 730 1747 est
739 1726 786 1747 tua
797 1722 916 1747 ecclesia
929 1726 1053 1754 onerata,

113 1756 283 1783 beneficium
304 1764 406 1781 vacans
429 1756 623 1790 postmodum,
649 1764 744 1781 curam
770 1756 877 1782 habens
899 1756 1052 1782 animarum

113 1799 261 1823 annexam,
274 1790 357 1816 alicui
371 1790 460 1816 simile
473 1790 642 1816 beneficium
655 1790 792 1816 obtinenti
806 1795 833 1816 te
847 1791 974 1817 conferre
988 1799 1051 1817 con-

113 1826 216 1859 tingat:
238 1833 362 1859 aequum
379 1829 430 1857 est,
449 1829 488 1857 ut,
507 1825 640 1858 quamdiu
658 1825 763 1851 fructus
782 1825 868 1860 ipsius
881 1826 1052 1860 perceperis,

113 1860 236 1894 primum
248 1868 305 1886 non
320 1859 425 1886 debeat
438 1860 560 1894 reputari
573 1867 683 1886 vacare.

494 1929 567 1948 CAP.
582 1929 673 1949 XXVII.
700 1929 702 1932 ’

114 1966 187 1987 Quum
207 1964 327 1984 mandatur
345 1964 413 1983 alimii
431 1969 477 1982 non
496 1963 653 1987 sacerdotalis,
674 1964 709 1983 vel
729 1964 822 1987 integra,
842 1964 877 1983 vel
897 1965 952 1984 certi
971 1965 1054 1984 valoris

113 1991 211 2011 conferri
229 1990 369 2015 praebenda:
392 1990 537 2009 sacerdotalis
556 1990 650 2009 dimidia
667 1990 703 2008 vel
722 1990 815 2009 minoris
834 1990 916 2010 valoris
935 1991 968 2010 illi
987 1992 1054 2010 etiam

410 2015 495 2036 volenti
506 2016 604 2035 conferri
614 2021 659 2035 non
669 2016 758 2040 poterit.

534 2070 636 2097 Idem.

184 2115 235 2140 Cui
254 2114 290 2140 de
307 2122 363 2139 non
381 2113 549 2140 sacerdotali
567 2113 730 2148 praebenda
742 2113 883 2148 provideri
897 2114 1054 2146 mandatur,

114 2150 168 2176 sibi
179 2149 264 2175 etiam
274 2148 379 2174 volenti
390 2148 572 2174 sacerdotalis
584 2148 750 2174 auctoritate
760 2148 884 2174 mandati
895 2149 1054 2175 huiusmodi

116 2184 235 2210 conferri
253 2183 389 2217 nequibit.
426 2183 567 2215 Similiter,
586 2184 609 2208 si
627 2183 655 2208 in
673 2183 801 2215 ecclesia,
819 2183 846 2208 in
861 2191 916 2216 qua
929 2183 1054 2217 integrae

114 2227 146 2245 ac
164 2218 299 2244 dimidiae
317 2217 497 2251 praebendae
515 2218 667 2250 habentur,
689 2217 838 2243 mandetur
859 2217 968 2251 integra
990 2227 1054 2244 con-

113 2254 179 2279 ferri
193 2252 366 2287 praebenda,
385 2260 556 2286 quamquam
573 2252 628 2284 ille,
645 2260 696 2286 pro
711 2260 767 2286 quo
787 2252 923 2286 scriptum
941 2253 1055 2285 exstitit,

116 2288 231 2314 dimidia
243 2287 311 2313 velit
324 2295 388 2312 esse
400 2290 556 2319 contentus,
570 2287 596 2312 ei
608 2286 643 2312 de
654 2287 715 2321 ipsa
725 2295 781 2312 non
791 2287 894 2321 poterit
904 2287 1054 2320 provideri.

114 2323 202 2354 Idem,
217 2330 302 2356 quum
311 2322 321 2339 1
334 2321 486 2354 iniungitur
498 2321 656 2355 provideri2
666 2321 747 2346 alicui
761 2321 797 2347 de
810 2321 973 2355 praebenda
986 2322 1054 2347 certi

114 2357 227 2389 valoris,
244 2356 291 2382 ut³
308 2356 336 2381 in
354 2355 518 2390 praebenda
534 2356 650 2381 minoris
667 2355 770 2381 valoris
784 2356 868 2381 etiam
881 2355 928 2381 illo
942 2356 1055 2382 volente

114 2391 278 2418 mandatum
300 2399 356 2416 non
373 2390 482 2424 possit4
498 2390 670 2424 adimpleri-²³.
715 2391 778 2415 Non
799 2390 874 2416 enim
894 2390 1054 2416 huiusmodi

114 2426 258 2458 mandata,
277 2425 407 2459 (quorum
425 2424 494 2450 fines
513 2424 663 2458 diligenter
681 2424 785 2450 servari
800 2425 931 2458 oportet,)
950 2425 1054 2452 debent

114 2461 151 2487 ad
164 2469 245 2487 casus
259 2460 339 2492 alios,
354 2467 439 2493 quam
451 2467 611 2493 expressos,
626 2458 749 2485 extendi.

491 2528 508 2548 C
514 2528 534 2547 A
539 2529 564 2547 Ρ.
579 2529 680 2549 XXVIII.

115 2565 219 2584 Secundo
239 2564 347 2584 beneficio
367 2565 444 2582 curato
464 2562 612 2582 effectualiter
630 2563 722 2587 adepto,
742 2563 838 2587 primum
858 2563 987 2587 consimile,
1008 2563 1055 2583 oius

113 2596 242 2616 possessore
261 2590 397 2614 irrequisito,
418 2589 689 2634 consegzicffgplsxtszgpgi
707 2591 783 2608 autem
802 2589 850 2609 eius
868 2590 980 2612 possessio
999 2589 1054 2609 dari.

536 2669 637 2696 Idem.

182 2714 261 2741 Licet
279 2713 430 2748 episcopus
448 2712 626 2744 beneficium,
644 2712 722 2746 quod
740 2721 802 2738 cum
821 2712 977 2738 animarum
990 2721 1056 2739 cura

114 2749 242 2781 tenebas,
260 2753 412 2783 postquam
430 2747 506 2773 aliud
524 2747 654 2781 recepisti
673 2747 827 2780 consimile,
845 2756 877 2773 ac
891 2747 978 2781 ipsius
991 2756 1054 2781 pos-

114 2784 271 2810 sessionem
293 2783 439 2817 pacificam
456 2782 588 2814 habuisti,
604 2781 649 2808 vel
668 2790 719 2816 per
737 2786 764 2808 te
781 2782 867 2813 stetit,
890 2790 946 2815 quo
963 2783 1054 2808 minus

114 2819 235 2845 haberes
249 2817 381 2850 eandem,
394 2817 485 2851 possit
497 2816 578 2842 alteri
589 2816 624 2842 de
634 2816 693 2842 iure
705 2816 845 2842 conferre:
860 2816 938 2842 illum
951 2820 1054 2850 tamen,

117 2854 161 2879 cui
175 2852 333 2885 contulerit,
346 2860 402 2878 non
416 2851 541 2883 debebit,
556 2855 583 2877 te
596 2859 652 2876 non
664 2855 775 2883 vocato,
793 2859 879 2884 quum
897 2851 946 2877 tibi
961 2851 1055 2877 forsan

115 2888 158 2914 ius
171 2888 263 2922 possit
275 2887 455 2921 competerel
469 2885 618 2919 retinendi,
635 2886 663 2911 in
680 2885 892 2920 possessionem
909 2885 997 2919 ipsius
1014 2886 1054 2912 in-

115 2922 218 2949 ducere
231 2921 414 2957 corporalem.

167 3053 222 3072 Tit.
236 3053 274 3072 IV.
303 3052 364 3077 Cap.
378 3052 447 3072 XXV·
475 3050 495 3074 1)
506 3050 569 3070 deb.:
583 3049 652 3070 deest:
666 3049 703 3069 CF.

167 3078 228 3103 Cap.
242 3079 333 3099 XXVII.
370 3078 390 3102 1)
400 3083 467 3102 quum
477 3082 542 3096 vero:
557 3076 599 3099 AC,-
618 3078 640 3095 et
649 3081 728 3101 quum:
743 3075 759 3094 G

115 3102 167 3124 ABG
215 3104 237 3130 3)
247 3106 271 3125 ut
281 3118 287 3125 .
297 3118 302 3124 .
313 3118 319 3124 .
333 3104 416 3125 valor-,2
430 3103 499 3124 deest.-
513 3102 581 3123 ABCD
621 3102 642 3127 ⁴1)
651 3102 746 3128 poterit:
758 3101 808 3122 ,ico

835 3075 856 3100 2)
866 3077 890 3095 ut
899 3075 1054 3100 provideaturz

861 3102 881 3128 5)
892 3102 992 3128 implori:
1006 3101 1056 3122 EFG

363 254 471 281 SEXTI
489 252 701 279 DECRETAL.
719 252 786 278 LIB.
805 252 848 278 111.
867 251 937 278 TlT.
957 251 1004 278 IV.
1024 252 1075 278 DE
1094 252 1326 279 PRAEBENDIS
1346 253 1395 279 ET
1413 252 1603 280 DIGNITAT.
1623 260 1646 280 c.
1666 260 1696 287 25
1709 261 1776 287 “32-

1473 332 1546 352 CAP.
1562 332 1641 351 XXIX.

1088 365 1239 384 Sacer-«lutatis
1258 366 1386 390 praehenda
1405 372 1444 390 per
1461 367 1555 390 simplex
1570 367 1700 386 mandatum
1715 367 1742 386 ·le
1760 367 1899 390 providendo
1918 371 1962 384 uon
1981 365 2025 384 nisi

1088 393 1139 415 apto
1159 392 1186 410 ad
1205 392 1356 411 sacerdotium
1375 394 1408 411 est
1427 393 1571 411 conferunda.
1607 394 1634 412 ΙΙ,
1654 393 1674 411 d.
1694 393 1815 412 secuudum
1835 394 1901 411 Zenz.
1921 393 1943 410 et
1966 391 2024 410 istud

1088 418 1233 437 summarium
1255 420 1328 443 potest
1351 419 1451 443 adaptari
1474 419 1562 442 utrique
1585 419 1696 443 let-turaey
1715 420 1800 443 positae
1819 419 1842 438 iu
1860 418 1927 438 tertia
1945 417 2025 442 glossa.

1512 445 1603 464 Doinin.

1506 491 1605 517 Idem.

1157 533 1216 566 Eil,
1238 533 1281 559 cui
1299 533 1439 567 provideri
1459 534 1607 559 mandatur
1624 534 1788 568 simpliciter
1805 534 1841 559 de
1862 533 2025 568 praebenda

1088 567 1214 601 proximo
1227 573 1367 600 vacatura,
1386 568 1568 594 sacerdotalis
1586 569 1749 602 praebenda
1766 568 1885 594 conferri
1903 577 1958 593 non
1976 576 2024 601 po-

1088 606 1151 631 test,
1166 602 1188 627 si
1201 603 1325 628 nondum
1339 603 1365 628 in
1379 607 1472 629 aetate
1485 603 1532 628 tali
1546 603 1670 635 exsistat,
1688 603 1764 636 quod
1783 603 1873 636 possit
1886 603 1922 629 ad
1935 610 2025 629 sacer-

1090 637 1197 662 dotium
1211 638 1383 671 promoveri3
1398 637 1448 663 sed
1462 637 1544 663 aliam
1558 642 1721 671 exspectare
1735 637 1859 664 debebit.

1479 706 1552 726 CAP.
1567 707 1635 726 XXX.

1088 742 1121 760 Ex
1142 742 1246 761 mandato
1265 742 1324 760 sedis
1343 741 1466 765 apostolica
1484 743 1615 765 exspectaus
1633 747 1660 760 ex
1679 743 1740 760 certa
1762 747 1839 765 causa,
1863 747 1890 760 ea
1908 741 2026 761 deficiente

1235 768 1366 787 beneficium
1376 769 1451 792 potere
1462 768 1589 791 impeditur.
1617 768 1645 786 ΙΙ.
1656 767 1676 786 d.
1687 768 1808 787 secuudum
1819 768 1885 787 Zenz-

1507 813 1608 840 Idem.

1158 857 1186 882 Si
1198 865 1305 891 pauper
1316 858 1441 888 clericus,
1453 857 1598 890 cui‚quu1n
1609 857 1775 883 beneficium
1786 858 1890 883 nullum
1900 858 2026 889 haberet,

1089 891 1276 917 mandabatur
1294 892 1329 917 de
1347 891 1485 917 beneficio
1508 891 1583 917 iuxta
1599 899 1667 917 suae
1689 892 1835 925 probitatis
1856 893 1956 918 merita
1977 900 2027 925 per

1090 927 1256 960 episcopum
1273 926 1431 959 providere,
1449 926 1534 958 aliud,
1552 930 1704 959 antequam
1718 926 1753 951 sit
1767 927 1910 960 provisum
1924 926 2025 958 eidem,

1089 960 1257 986 beneficium
1270 960 1353 986 fuerit
1366 965 1524 986 assecutus:
1538 960 1686 994 providere
1700 961 1752 986 sibi
1766 961 1926 996 episcopus,
1941 969 2025 996 quum

1090 1000 1182 1022 cesset
1195 1003 1280 1021 causa
1292 995 1425 1028 mandati,
1439 995 1474 1021 de
1488 998 1582 1021 cetero
1595 1003 1652 1020 non
1665 999 1784 1022 tenetur.

1471 1065 1544 1084 CAP.
1560 1065 1639 1083 XXXI.

1089 1100 1132 1119 Ubi
1148 1100 1175 1118 de
1190 1100 1306 1123 prioritate
1320 1099 1424 1119 beneficii
1439 1099 1539 1123 pluribus
1554 1099 1629 1117 collati
1646 1105 1690 1118 nou
1706 1101 1802 1118 constat:
1822 1100 1894 1123 primo
1909 1101 2026 1124 pos-sessio,

1175 1126 1257 1145 deinde
1268 1126 1339 1145 maior
1349 1126 1505 1150 praerogativa
1515 1125 1646 1149 praefertur.
1675 1126 1702 1144 11.
1714 1126 1734 1144 d.
1746 1126 1867 1145 secuudum
1878 1127 1944 1145 Zeuz.

1507 1175 1607 1202 Idem.

1159 1219 1214 1245 Sia
1224 1219 1292 1245 sede
1303 1219 1458 1253 apostolica
1468 1219 1513 1245 vel
1522 1219 1616 1252 legato
1632 1220 1719 1253 ipsius
1733 1219 1788 1251 uni,
1802 1224 1829 1245 et
1840 1220 1874 1245 ab
1886 1219 2026 1245 ordinario

1090 1254 1168 1280 alteri
1182 1254 1285 1279 eodem
1299 1254 1344 1280 die
1357 1254 1432 1280 idem
1446 1254 1614 1279 beneficium
1627 1254 1795 1286 conferatur,
1813 1262 1865 1280 nec
1883 1259 2027 1288 appareat,

1091 1297 1163 1322 quae
1182 1289 1293 1314 collatio
1311 1288 1394 1314 fuerit
1412 1288 1502 1322 primo
1521 1288 1607 1314 facta:
1627 1289 1678 1314 erit
1696 1288 1788 1322 potior
1802 1288 1924 1314 conditio
1938 1289 2026 1322 possi-

1090 1323 1192 1349 dentis.
1229 1323 1257 1348 Si
1270 1331 1336 1349 vero
1350 1327 1449 1349 neuter
1462 1323 1620 1356 possideat:
1638 1323 1670 1355 is,
1685 1323 1726 1348 cui
1742 1323 1825 1349 sedes
1839 1323 1899 1357 ipsa
1912 1323 2028 1348 contulit

1089 1358 1135 1383 vel
1151 1358 1271 1390 legatus,
1291 1362 1406 1391 propter
1424 1357 1594 1384 conferentis
1616 1358 1782 1392 ampliorem
1804 1358 2027 1392 praerogativam

1091 1392 1143 1418 erit
1156 1392 1235 1418 alteri
1248 1392 1461 1426 praeferendus.

1470 1462 1486 1482 C
1493 1462 1542 1481 ΑΡ.
1558 1462 1648 1482 XXXII.

1090 1496 1217 1520 Religiosus
1233 1497 1318 1516 liabens
1332 1497 1454 1520 prioratum
1468 1497 1504 1516 vel
1519 1497 1638 1516 ecclesiam
1653 1498 1759 1520 curatam,
1779 1498 1798 1516 si
1814 1497 1892 1520 recipit
1906 1498 2028 1517 secundum

1090 1523 1139 1542 siue
1149 1523 1242 1542 licentia
1251 1523 1336 1546 Papae:
1347 1523 1394 1547 ipso
1405 1524 1453 1542 iure
1463 1524 1527 1542 vacat
1537 1524 1640 1546 primum.
1660 1523 1725 1546 Quod
1735 1524 1753 1542 si
1764 1524 1838 1542 statim
1850 1529 1893 1541 uon
1905 1524 2028 1543 dimiserit:

1090 1548 1186 1568 efficitur
1204 1549 1341 1572 ineligibilis,
1361 1551 1382 1568 et
1400 1549 1501 1572 privatur
1519 1551 1619 1573 utroque.
1651 1549 1736 1568 Eadem
1755 1552 1788 1567 est
1806 1555 1878 1573 poena.
1896 1549 1918 1568 in
1938 1550 1971 1573 iisy
1990 1551 2028 1574 qui

1090 1575 1203 1594 habebant
1217 1577 1268 1594 ante
1283 1575 1339 1593 hanc
1355 1575 1549 1598 constitutionem,
1566 1576 1609 1593 nisi
1624 1575 1682 1593 iufra
1696 1580 1795 1594 mensem
1810 1575 1904 1594 alterum
1920 1576 2029 1598 elegerint

1089 1602 1111 1620 et
1130 1601 1224 1619 alterum
1244 1601 1378 1619 dimiserint.
1406 1601 1433 1619 11.
1448 1601 1468 1619 d.
1484 1606 1553 1624 usque
1568 1601 1595 1620 ad
1610 1603 1628 1623 ξ.
1644 1601 1798 1620 Prohibemus.
1827 1602 1904 1620 Ioann.
1919 1602 1988 1620 Andr.
2004 1613 2029 1615 —

1089 1628 1107 1648 ᾗ.
1120 1628 1137 1645 1.
1151 1627 1267 1645 Prioratus
1281 1627 1390 1645 eeclesiae
1400 1627 1435 1645 vel
1451 1627 1658 1646 administrationes
1668 1627 1734 1646 unius
1745 1628 1883 1650 monasterii,
1899 1628 1978 1646 solitae
1988 1633 2028 1651 per

1088 1653 1158 1676 ipsius
1181 1653 1303 1671 monachos
1326 1653 1458 1677 gubernari,
1481 1653 1565 1676 absque
1587 1654 1646 1672 sedis
1669 1653 1803 1676 apostolicae
1826 1653 1918 1672 lin-entia
1936 1653 2028 1672 alterius

1088 1679 1218 1698 monasterii
1233 1679 1349 1697 monachis
1364 1684 1409 1697 nou
1424 1680 1597 1702 committantur,
1617 1684 1658 1697 nee
1677 1680 1795 1698 commissa
1809 1679 1956 1698 dimittantur.
1985 1680 2028 1702 Qui

1089 1706 1167 1724 contra
1186 1705 1291 1728 fecerint,
1315 1705 1360 1723 siut
1378 1705 1459 1728 privati
1478 1706 1587 1728 potestate
1606 1705 1725 1723 ordinandi
1745 1705 1858 1728 praedicta
1877 1710 1903 1723 ea
1921 1706 1982 1728 vice,
2006 1708 2028 1724 et

1089 1731 1188 1749 defertur
1206 1731 1234 1749 ad
1253 1730 1410 1749 dioecesanum
1429 1731 1452 1749 in
1472 1736 1517 1749 nou
1536 1731 1658 1754 exemptis,
1682 1733 1704 1749 et
1722 1731 1749 1749 ad
1767 1731 1850 1754 Papam
1870 1731 1893 1749 in
1912 1732 2027 1755 exemptis

1088 1757 1232 1781 Recipieutes
1242 1757 1277 1776 vel
1288 1756 1421 1780 detinentes,
1429 1757 1495 1776 aliast
1507 1757 1680 1781 eligeut25‚511ut
1690 1757 1825 1781 ineligibiles
1836 1758 1883 1781 ipso
1894 1757 1949 1777 iure.
1968 1758 1996 1776 H.
2007 1757 2028 1778 (l.

1510 1807 1608 1835 Idem.

1159 1851 1252 1884 Quum
1262 1850 1373 1884 singula
1382 1850 1474 1876 officia
1485 1851 1539 1876 sint
1550 1851 1666 1884 singulis
1678 1850 1880 1876 committenda
1890 1851 2027 1884 personis,

1090 1889 1118 1912 et
1140 1885 1331 1911 dissolutionis
1353 1893 1385 1911 ac
1403 1885 1578 1918 evagationis
1600 1885 1719 1911 materia
1740 1885 1776 1911 sit
1798 1885 1936 1918 religiosis
1960 1895 2026 1919 prae

1090 1919 1191 1946 ceteris
1209 1919 1376 1945 auferenda:
1398 1920 1541 1954 praesenti
1559 1920 1741 1954 prohibemus
1764 1920 1867 1951 edicto,
1889 1929 1924 1946 ne
1941 1921 2027 1954 aliqui

1089 1955 1219 1980 monachi
1236 1955 1282 1980 vel
1299 1954 1424 1988 religiosi
1442 1954 1487 1980 alii
1505 1955 1630 1988 pluribus
1649 1954 1816 1988 prioratibus
1835 1955 1880 1980 vel
1893 1955 2027 1987 ecclesiis,

1090 1998 1185 2015 curam
1206 1989 1375 2015 habentibus
1397 1989 1562 2021 animarum,
1584 1989 1694 2015 etiamsi
1712 1989 1813 2015 eadem
1831 1997 1896 2014 cura
1910 1997 1965 2015 non
1978 1998 2028 2023 per

1090 2024 1176 2058 ipsos,
1194 2023 1245 2049 sed
1263 2032 1314 2057 per
1331 2023 1523 2057 presbyteros,
1540 2023 1576 2049 ad
1593 2032 1692 2049 eorum
1709 2024 1964 2057 praesentationem
1978 2032 2028 2058 per

1091 2059 1241 2092 episcopos
1255 2058 1406 2090 institutos,
1424 2058 1528 2084 habeat
1546 2058 1678 2090 exerceri,
1696 2059 1804 2092 absque
1821 2058 1897 2084 sedis
1915 2063 2027 2092 aposto-

1090 2093 1160 2118 licae
1173 2093 1340 2118 auctoritate
1354 2101 1488 2126 praeesse
1501 2098 1690 2126 praesumant,
1704 2092 1755 2117 nisi
1769 2092 1841 2118 forte
1854 2101 1925 2118 unus
1939 2101 1972 2119 ex
1986 2093 2027 2119 eis

1090 2128 1125 2153 ab
1139 2127 1192 2153 alio
1207 2126 1377 2161 dependeat,
1390 2127 1434 2152 vel
1447 2127 1604 2153 adinvicem
1616 2127 1671 2152 sint
1685 2127 1797 2157 annexi;
1812 2131 1975 2159 statuentes,
1990 2132 2028 2159 ut,

1091 2162 1252 2196 quicunque
1265 2161 1391 2195 ipsorum
1404 2161 1558 2195 prioratum
1576 2162 1620 2187 vel
1638 2161 1784 2187 ecclesiam
1799 2162 1883 2187 talem
1897 2162 2026 2187 obtinens

1090 2196 1175 2222 alium
1193 2195 1343 2229 receperit;
1362 2195 1492 2229 primurn,
1511 2204 1566 2229 quo
1585 2196 1620 2221 sit
1638 2196 1700 2229 ipso
1714 2196 1772 2222 iure
1786 2196 1920 2229 privatus,
1934 2197 2026 2222 statim

1091 2231 1203 2256 omnino
1222 2230 1362 2256 dimittere
1380 2234 1517 2262 teneatur,
1534 2239 1585 2264 per
1602 2239 1675 2262 eum,
1693 2230 1730 2256 ad
1749 2239 1833 2264 quem
1855 2231 2026 2264 pertinuerit,

1090 2265 1178 2291 libere
1199 2265 1279 2290 alteri
1302 2264 1512 2290 conferendum.
1550 2265 1632 2298 Quod
1653 2265 1706 2290 nisi
1728 2265 1834 2297 fecerit,
1856 2273 1889 2290 ex
1908 2270 1972 2290 tunc
1993 2273 2027 2291 eo

1091 2300 1152 2333 ipso
1167 2299 1303 2325 efficiatur
1316 2299 1486 2332 ineligibilis,
1500 2303 1528 2325 et
1541 2303 1675 2333 tanquam
1685 2300 1851 2325 ambitiosus
1862 2300 1897 2325 ab
1908 2304 2027 2333 utroque

1090 2334 1203 2368 penitus
1220 2334 1382 2367 repellatur.
1420 2334 1500 2359 Circa
1518 2342 1567 2360 eos
1585 2338 1692 2366 autem,
1712 2334 1758 2368 qui
1776 2334 1870 2367 plures
1888 2334 2027 2368 prioratus

1090 2368 1135 2394 vel
1148 2368 1282 2394 ecclesias
1296 2368 1456 2394 huiusmodi
1469 2377 1542 2394 nunc
1556 2368 1691 2400 detinent,
1708 2368 1897 2402 providemus,
1915 2373 1944 2393 ut
1957 2368 2027 2394 infra

1090 2411 1230 2435 mensem,
1249 2407 1399 2436 postquam
1417 2411 1551 2436 praesens
1565 2403 1727 2428 constitutio
1745 2403 1903 2436 pervenerit
1916 2402 1951 2428 ad
1965 2411 2027 2428 eos-

1091 2438 1169 2470 dem,
1200 2445 1286 2462 unum
1310 2445 1344 2463 ex
1369 2437 1451 2471 ipsis,
1482 2446 1568 2471 quem
1592 2437 1713 2463 retinere
1737 2437 1888 2469 voluerint,
1914 2437 2026 2470 reliquis

1091 2471 1213 2497 dimissis
1227 2471 1331 2505 eligere
1345 2476 1500 2503 teneantur,
1511 2472 1635 2506 alioquin
1646 2476 1745 2498 extunc
1755 2471 1852 2505 poenis
1864 2471 2025 2497 subiaceant

1090 2515 1174 2540 supra
1196 2506 1288 2532 dictis.
1324 2506 1346 2540 ξ.
1362 2514 1384 2532 1.
1409 2506 1594 2532 Prohibernus
1617 2506 1743 2539 insuper,
1764 2514 1799 2531 ne
1821 2506 1959 2539 prioratus
1983 2506 2027 2532 vel

1090 2541 1236 2573 ecclesiae,
1254 2544 1302 2566 aut
1315 2540 1570 2567 administrationes
1584 2549 1634 2567 seu
1648 2540 1739 2566 officia
1757 2539 1838 2565 unius
1855 2540 2026 2572 monasterii,

1091 2580 1226 2601 consueta
1246 2583 1298 2609 per
1314 2575 1442 2602 eiusdem
1459 2576 1612 2601 monachos
1634 2574 1796 2608 gubernari,
1819 2574 2027 2600 committantur

1091 2610 1226 2644 deinceps
1244 2610 1352 2644 absque
1369 2610 1535 2636 auctoritate
1553 2610 1628 2636 sedis
1647 2609 1774 2635 eiusdem
1797 2609 1909 2634 alterius
1931 2617 2026 2634 mona-

1091 2644 1167 2670 sterii
1180 2645 1325 2670 monachis
1339 2644 1536 2678 gubernanda,
1553 2652 1604 2670 nec
1622 2644 1757 2669 hactenus
1771 2643 1922 2669 commissa
1935 2643 2027 2669 dimit-

1091 2683 1184 2705 tantur
1210 2679 1330 2710 eisdem;
1358 2679 1410 2705 sed
1436 2687 1487 2713 per
1512 2687 1575 2711 eos,
1599 2678 1634 2703 ad
1662 2686 1732 2711 quos
1759 2678 1913 2711 pertinent,
1938 2678 2027 2704 libere

1091 2713 1263 2745 ordinentur,
1281 2722 1367 2748 quum
1384 2713 1437 2739 illis
1457 2722 1513 2739 non
1531 2713 1615 2739 liceat
1632 2712 1737 2738 habere
1754 2712 1845 2737 locum
1864 2712 1891 2737 in
1909 2712 2025 2738 diversis

1089 2748 1277 2780 monasteriis,
1295 2756 1415 2782 quorum
1431 2756 1517 2773 unum
1534 2747 1569 2773 ab
1583 2747 1636 2772 alio
1650 2755 1706 2772 non
1721 2746 1877 2780 dependet,
1895 2755 1946 2772 nec
1959 2747 2025 2772 alio-

1089 2791 1150 2808 rum
1174 2783 1418 2815 monasteriorum,
1443 2782 1496 2807 nisi
1519 2781 1653 2807 canonice
1675 2781 1876 2806 transferantur
1897 2781 1934 2806 ad
1956 2781 2026 2815 ipsa,

1090 2817 1243 2852 prioratus,
1262 2817 1410 2849 ecclesias,
1428 2816 1685 2842 administrationes
1698 2815 1743 2841 vel
1756 2814 1847 2840 officia
1860 2815 2026 2848 gubernare.

1091 2852 1144 2886 Qui
1167 2860 1235 2878 vero
1260 2856 1357 2877 contra
1381 2850 1598 2885 prohibitionem
1623 2854 1802 2883 praesentem
1823 2850 1968 2883 praedicta
1989 2850 2026 2877 de

1090 2891 1186 2913 cetero
1207 2886 1304 2913 alienis
1326 2885 1470 2911 monachis
1495 2884 1696 2916 commiserint,
1721 2884 1765 2910 vel
1790 2883 1946 2910 dimiserint
1970 2884 2025 2911 iam

1090 2920 1249 2954 commissa,
1267 2928 1301 2947 ea
1314 2920 1374 2947 vice
1387 2919 1534 2946 ordinandi
1553 2918 1588 2945 de
1602 2918 1670 2954 ipsis
1684 2918 1739 2944 sint
1755 2922 1899 2952 potestate
1914 2919 2027 2954 privati,

1141 3051 1203 3075 Cap.
1217 3050 1319 3070 XXVIII.
1346 3049 1366 3073 1)
1377 3050 1410 3069 ius
1421 3050 1568 3074 competeret:
1582 3048 1610 3072 .=t,=
1624 3050 1698 3073 posset
1707 3050 1845 3073 competere:
1861 3047 1884 3068 Ι).

1142 3077 1203 3102 Cap.
1218 3077 1298 3097 xm.
1326 3076 1345 3101 1)
1356 3076 1392 3096 Si:
1406 3074 1463 3095 DFG.

1691 3133 1746 3161 65*
