2243 3288
135 249 186 276 969

137 325 259 360 negotia,
281 328 364 359 prout
379 323 485 350 iustitia
507 324 647 357 suadebit,
668 332 790 359 poenam
807 324 835 349 in
853 323 928 349 dicta
944 323 1076 357 constitu-

137 362 212 387 tione
229 363 391 385 contentam
407 359 469 392 ipso
487 358 554 388 iure.
577 359 600 384 si
618 359 672 384 hoc
689 367 746 384 non
763 358 890 390 fecerint,
907 359 1076 384 incursurae.

135 395 157 429 ξ.
167 403 192 427 4.
210 395 356 420 Postremo
369 393 407 425 hi,
421 401 491 426 quos
503 393 539 419 ad
550 393 713 427 dirigendas
727 394 755 418 in
765 393 925 418 huiusmodi
935 393 1076 418 electioni—

135 430 188 455 bus
210 428 344 453 moniales
367 428 485 453 easdem
507 428 642 462 deinceps
664 428 813 461 contigerit
834 427 954 459 evocari,
976 427 1012 453 ab
1034 427 1076 453 his

135 470 250 498 prorsus
262 462 432 494 abstineant,
450 470 501 496 per
515 471 588 496 quae
605 463 677 488 inter
690 471 738 488 eas
752 470 836 496 super
853 461 990 487 faciendis
1008 462 1075 495 ipsis

135 496 320 523 electionibus
333 496 397 522 oriri
411 497 502 530 possit
515 497 656 522 discordia
669 497 714 522 vel
727 501 824 522 exorta
836 496 947 527 nutrii·i;
960 496 1028 522 alias
1042 505 1076 522 eo

134 532 197 565 ipso
219 530 513 556 excommunicationis
535 531 692 557 sententiae
715 539 746 557 se
770 531 899 556 noverint
921 531 1076 557 subiacere.

133 565 155 600 ξ.
167 573 190 598 5.
210 565 301 599 Supra
318 565 392 591 dicta
410 565 551 599 siquidem
564 565 669 591 nedum
687 565 715 591 in
727 565 914 597 monasteriis,
933 565 960 590 in
974 565 1075 599 quibus

134 604 199 626 sunt
220 600 366 631 moniales,
388 600 516 626 viventes
539 600 591 626 sub
609 600 704 634 aliqua
721 599 757 625 de
773 599 957 633 religionibus
975 608 1075 633 appro-

133 635 216 666 batis,
238 634 290 660 sed
308 634 393 660 etiam
411 634 439 659 in
455 634 549 667 illisll,
572 635 619 660 ubi
637 639 702 660 sunt
723 634 799 660 iuxta
816 634 991 668 quarundam
1013 643 1075 668 pro-

132 669 286 694 vinciarum
320 669 553 695 consuetudinem
585 669 731 701 mulieres,
765 677 838 702 quae
871 677 923 694 nec
956 669 1075 703 propriis

132 703 306 735 renunciant,
326 711 378 729 nec
392 703 599 737 professionem
612 703 717 729 faciunt
730 703 898 736 regularem,
916 703 967 729 secl
980 704 1076 729 vivunt

133 742 164 763 ut
177 737 205 763 in
218 738 408 763 saecularibus
422 738 548 763 ecclesiis
562 737 687 764 canonici
702 738 870 769 saeculares,
883 738 1012 763 volumus
1026 747 1076 772 per

134 773 227 798 onmia
245 772 398 804 observari,
417 780 460 804 eo,
480 773 557 806 quod
575 781 659 806 supra
673 772 781 804 dicitur,
800 772 934 798 duntaxat
947 778 1075 806 excepto,

133 811 163 832 ut
180 815 237 832 non
254 807 392 840 eligantur
408 815 461 832 nec
479 807 584 840 eligant
602 815 658 832 non
674 806 831 840 professae,
855 815 940 840 quum
962 807 989 832 in
1007 807 1074 841 ipsis

132 841 187 867 hoc
208 841 301 867 locum
323 841 376 867 sibi
398 846 521 875 nequeat
542 841 698 872 vindicare3
720 849 771 874 per
792 841 846 866 hoc
868 846 962 867 tamen
980 850 1074 867 earum

132 880 246 908 statum,
268 875 396 901 ordinem
413 883 463 901 seu
481 876 606 909 regulam
623 875 752 901 nolumus
770 884 823 901 nec
840 876 1008 902 intendimus
1026 885 1074 910 ap-

133 910 264 944 probare.
299 909 321 944 §.
335 913 360 935 6.
378 910 425 935 Ad
446 911 516 936 haec
538 911 603 936 licet
623 911 789 944 praemissa,
812 918 884 944 quae
902 910 929 936 in
946 911 1040 936 multis
1059 919 1075 936 a

132 946 193 970 iure
217 944 357 970 communi
382 945 544 979 discrepare
571 949 738 976 noscuntur,
768 945 841 970 circa
869 945 1022 971 electiones
1047 947 1075 970 in

133 979 306 1013 quibuslibet
322 979 470 1005 mulierum
487 979 665 1005 monasteriis
683 979 827 1005 faciendas
841 988 875 1005 ex
888 980 970 1005 certis
984 980 1074 1005 causis

131 1013 392 1039 rationabilibusffl*
420 1013 581 1048 specialiter
606 1014 767 1039 duxerimus
793 1014 957 1047 statuenda,
986 1014 1074 1040 inten-

133 1048 215 1074 tionis
241 1053 336 1074 tamen
360 1053 474 1074 nostrae
498 1056 678 1082 nequaquam
702 1048 864 1080 exstitit1³*,
894 1054 923 1074 ut
954 1057 1004 1082 per
1029 1049 1075 1074 illa

135 1082 229 1116 quoad
247 1083 399 1108 electiones
416 1083 445 1108 in
462 1083 523 1108 aliis
540 1083 663 1108 virorum
680 1083 857 1108 monasteriis
870 1083 915 1109 vel
930 1083 1074 1117 quibusvis

133 1117 261 1143 ecclesiis
284 1117 497 1143 celebrandasss
520 1117 626 1151 aliquid
648 1118 823 1148 immutetur;
845 1117 897 1144 secl
919 1118 979 1144 iura
995 1126 1075 1152 prae-

133 1151 263 1178 cedentia
276 1152 304 1177 in
317 1160 368 1178 sua
381 1152 494 1178 omnino
507 1152 702 1178 remaneantlfi·
715 1152 855 1178 firmitate.

520 1231 537 1250 C
543 1230 563 1250 A
568 1231 593 1250 P.
608 1231 686 1250 XLIV.

131 1264 156 1284 Si
166 1262 300 1287 ordinarius,
315 1266 366 1288 post
379 1270 492 1284 recessum
507 1265 665 1289 appellationis
679 1265 812 1284 interiectae
821 1265 849 1284 ad
861 1265 953 1287 curiam,
969 1266 991 1284 iu
1004 1265 1076 1284 causis

132 1291 269 1310 electionum
284 1291 452 1314 episcopatuum
467 1297 512 1310 non
523 1292 638 1315 inquisito.
654 1297 683 1310 an
694 1292 791 1315 pravitas
802 1292 956 1313 intervenerit,
968 1292 1075 1315 procedit,

132 1317 250 1336 confirmat
259 1317 295 1336 vel
307 1319 436 1336 consecrat:
451 1317 567 1341 praedicta
577 1323 622 1336 non
633 1319 717 1340 tenent,
730 1319 751 1335 et
761 1318 808 1340 ipse
818 1317 846 1336 ab
857 1318 1013 1341 episcoporum
1025 1323 1075 1336 con-

132 1343 259 1363 firmatione
270 1345 291 1362 et
302 1343 472 1362 consecratione
482 1348 603 1367 suspensus
619 1346 651 1361 est
666 1348 706 1366 iter
715 1348 806 1362 annum.
834 1344 862 1362 H.
873 1343 894 1362 d.
904 1343 1038 1362 Dominicus
1048 1343 1076 1362 de

487 1371 565 1388 saneto
576 1369 720 1388 Geminiauo.

556 1428 654 1456 Idem.

201 1471 323 1498 Provida
332 1472 557 1498 consideratione
567 1472 699 1505 generale
706 1472 716 1490 1
730 1471 877 1497 concilium
886 1471 1075 1505 Lugdunense

133 1507 282 1539 concessit,
296 1512 326 1532 ut
338 1507 373 1532 ab
384 1507 631 1541 appellationibus,
645 1507 671 1532 in
685 1506 787 1532 iudicio
797 1506 842 1532 vel
853 1511 931 1532 extra
943 1506 1076 1532 iudicium

132 1541 169 1567 ad
183 1541 281 1567 sedem
293 1542 479 1575 apostolicam
497 1541 525 1566 in
542 1541 711 1567 electionum
725 1541 924 1575 episcoporum
937 1546 965 1566 et
979 1549 1076 1566 eorum

133 1576 309 1610 superiorum
326 1576 447 1610 negotiis
465 1576 627 1607 interiectis,
649 1584 700 1609 per
718 1584 786 1609 quas
805 1575 842 1601 ad
864 1575 963 1601 sedem
985 1575 1074 1609 ipsam

131 1610 233 1637 eadem
250 1611 365 1644 negotia
378 1610 550 1642 deferuntur,
568 1615 662 1644 partes
675 1611 750 1635 nulla
769 1610 971 1636 interveniente
985 1610 1075 1643 pravi-

132 1650 190 1671 tate
203 1645 339 1671 recedere
354 1645 475 1676 valeant,
493 1650 647 1678 antequam
660 1645 712 1678 ipsi
727 1645 788 1670 sedi
801 1644 1009 1678 apostolicae‘fl'*
1026 1653 1074 1678 ap-

132 1680 300 1714 pellationes
314 1680 433 1706 eaedem
454 1679 555 1705 suerint
568 1679 841 1713 repraesentatae3*,
859 1679 911 1705 sed
928 1679 1074 1705 inferiores

132 1714 253 1747 iudices,
287 1722 406 1748 quorum
440 1719 483 1740 est
512 1714 702 1747 appellatione
735 1718 864 1740 cessante
896 1713 1075 1747 negotiorum

132 1749 256 1782 cognitio
274 1749 445 1781 eorundem,
463 1748 520 1773 514*
538 1749 565 1773 in
582 1749 636 1774 hoc
653 1748 775 1782 pravitas
794 1748 992 1780 intercesserit,
1010 1752 1074 1774 ante

131 1783 226 1809 omnia
251 1783 401 1817 diligenter
426 1783 579 1816 inquirant,
609 1788 650 1815 et,
676 1783 700 1808 si
725 1791 788 1809 eam
812 1783 1007 1809 intercessisse
1031 1791 1073 1808 re—

130 1819 265 1852 pererint,
283 1826 314 1844 se
327 1826 384 1843 non
397 1818 582 1843 intromittant
595 1817 735 1843 ullatenus
749 1817 785 1843 de
799 1817 916 1850 eisdem,
931 1817 981 1843 sed
994 1826 1074 1852 prae-

131 1853 219 1886 figant
232 1852 300 1886 ipsis
314 1852 440 1886 partibus
457 1852 681 1886 peremptorium
694 1852 843 1878 terminum
857 1856 1073 1886 competentem,

131 1896 187 1921 quo
206 1895 270 1912 cum
286 1887 356 1912 actis
376 1891 404 1913 et
421 1887 600 1912 munimentis
618 1887 674 1912 suis
692 1887 848 1920 apostolico
865 1895 896 1912 se
909 1887 1073 1920 conspectui

131 1926 354 1956 repraesentent.
394 1921 499 1947 Verum
519 1930 605 1955 quum
622 1921 761 1953 nonnulli,
779 1921 962 1947 concessione
980 1922 1073 1947 huius-

131 1957 209 1982 modi
222 1956 382 1987 abutentes,
400 1964 489 1987 suarn‚
507 1955 688 1989 inquisitione
704 1956 834 1989 praefata
846 1956 960 1988 omissa,
978 1956 1072 1989 cogni-

133 1991 240 2016 tionem
264 1991 292 2016 in
315 1990 424 2016 eisdem
446 1990 567 2023 negotiis
592 1990 781 2023 interponant,
806 1990 843 2016 ad
868 1990 1073 2016 confirmandas

130 2025 283 2051 electiones
298 2029 325 2051 et
338 2025 545 2050 consecrandos
559 2025 665 2050 electos
679 2030 784 2051 temere
798 2025 994 2059 procedendo:
1012 2034 1073 2057 nos,

131 2068 218 2094 super
234 2060 288 2085 hoc
305 2059 466 2093 expressius
484 2059 634 2093 providere
651 2059 787 2091 volentes,
806 2059 1031 2085 confirmationes
1046 2064 1074 2086 et

132 2094 360 2120 consecrationes
373 2093 544 2126 huiusmodi,
557 2093 619 2119 εἰῇ*
633 2102 818 2127 quoscunque
830 2102 980 2128 processus
994 2094 1073 2127 alios,

133 2137 204 2163 quos
218 2128 398 2162 inquisitione
415 2128 573 2162 praemissa
585 2136 642 2154 non
659 2128 755 2154 habita
769 2128 917 2161 contigerit
931 2129 966 2154 de
979 2134 1073 2154 cetero

132 2164 161 2189 in
186 2163 287 2189 talibus
312 2163 433 2196 negotiis
459 2163 604 2195 attentari,
633 2162 810 2188 decernimus
835 2163 936 2188 nullius
961 2163 1073 2196 penitus

130 2198 268 2224 exsistere
301 2197 452 2229 firmitatis,
487 2197 532 2223 etss
565 2197 762 2223 confirmantes
796 2197 840 2223 etT
874 2202 1073 2223 consecrantes

132 2233 260 2265 eosdem,
280 2233 320 2265 (ut
337 2232 364 2257 in
382 2240 427 2264 eo,
449 2232 477 2257 in
495 2240 550 2265 quo
569 2232 755 2266 peccaverint,
773 2232 943 2265 puniantur,)
962 2232 997 2257 ab
1016 2232 1073 2266 epi-

132 2276 282 2301 scoporum
301 2266 513 2292 confirmatione
531 2275 563 2292 ac
581 2267 792 2293 consecratione
814 2275 864 2301 per
885 2275 987 2292 annum
1009 2274 1073 2292 con-

110 2302 239 2331 „tinuuni
253 2302 314 2336 ipso
329 2301 388 2327 iure
401 2301 461 2327 sore
475 2309 638 2335 suspensos.

525 2379 598 2399 CAP.
614 2379 680 2399 XLV.

133 2415 158 2434 Si
177 2415 238 2438 Papa
256 2414 299 2433 sibi
318 2414 470 2438 provisionem
495 2414 604 2433 ecelesiae
627 2413 763 2432 cathedralis
783 2414 912 2437 reservavit,
938 2414 1036 2433 inhibuit
1054 2416 1075 2433 et

131 2441 239 2465 decrevit,
258 2446 303 2459 non
323 2442 356 2459 est
370 2440 450 2458 vitiata
463 2440 553 2462 electio,
573 2445 629 2464 quae
643 2441 806 2463 praecesserat:
826 2440 901 2458 onmia
915 2441 998 2464 tamen,
1018 2446 1074 2464 quae

258 2466 435 2485 reservationem
446 2468 576 2490 sequuntur,
588 2467 666 2485 curem.
676 2466 763 2485 effectu.
791 2466 869 2484 Ioann.
879 2466 950 2485 Andr.

546 2525 664 2551 ldema.

200 2569 228 2595 Si
259 2577 293 2594 eo
323 2573 464 2602 tempore,
494 2576 549 2602 quo
578 2568 768 2602 provisionem
797 2568 911 2594 alicuius
938 2568 1074 2595 ecclesiae

131 2603 301 2630 cathedralis
316 2612 349 2629 ex
363 2604 461 2637 quavis
475 2611 559 2628 causa
570 2603 747 2636 dispositioni
759 2611 808 2629 seu
820 2603 986 2628 ordinationi
998 2603 1074 2629 sedis

131 2638 305 2673 apostolicae
327 2646 514 2670 reservamus,
536 2637 705 2670 inhibentes,
727 2645 762 2664 ne
784 2637 820 2663 ad
842 2637 1010 2664 electionem
1031 2638 1074 2664 vel

198 2763 267 2794 Cap.
285 2762 366 2785 XLV.
406 2760 430 2792 a)
448 2761 555 2784 Causam
576 2759 645 2783 dedit
666 2759 722 2784 huic
743 2760 867 2789 decretali,
894 2760 952 2791 quia
968 2763 1070 2784 vacante

129 2797 188 2821 eccl.
205 2798 300 2821 Bonon.
318 2804 362 2828 per
379 2799 484 2819 mortem
501 2796 581 2818 bonae
598 2802 671 2818 mem.
687 2795 753 2818 doni.
772 2795 902 2818 Octaviani
920 2795 995 2826 ipsius
1008 2795 1066 2819 eccl.

130 2840 184 2864 ep.:
201 2832 263 2855 infra
275 2831 378 2855 biduum
391 2830 502 2854 canonici
516 2830 547 2853 dc
560 2829 723 2853 reservatione
740 2829 854 2853 timentes
871 2829 996 2860 clegerunt
1009 2830 1066 2853 bon.

129 2874 203 2890 mem.
231 2867 296 2890 dom.
326 2866 436 2889 Sclatain
464 2865 563 2888 fratrem
591 2871 674 2887 suum:
702 2864 860 2895 postmodum
892 2864 958 2895 Papa
988 2864 1067 2888 Bonis.

131 2901 233 2925 audiens
249 2901 281 2925 de
292 2905 372 2925 morte
385 2901 416 2925 O.
433 2899 572 2929 reservavit,
594 2899 707 2928 inhibuit,
723 2902 747 2923 et
760 2899 879 2923 decrevit:
896 2903 951 2931 post
963 2899 1071 2923 triduum

183 3021 236 3040 Tit.
250 3021 287 3041 VI.
316 3020 378 3045 Cap.
392 3020 472 3040 xnm.
500 3019 533 3044 11)
543 3021 565 3039 ot
575 3019 636 3043 (sed:
652 3019 675 3041 H)
686 3019 766 3038 inillis
776 3019 855 3045 etiam:
870 3018 952 3038 nel-:Fa

132 3047 186 3065 ran:
201 3046 260 3066 codd.
271 3046 318 3066 coll.
347 3047 379 3071 13)
390 3047 490 3065 exsistit:
505 3046 532 3065 ι’[ι.
560 3046 593 3067 14)
604 3046 757 3069 celebramb‘s:
772 3045 806 3064 Μ’·
833 3045 866 3069 15)
876 3047 993 3065 maneant:
1008 3044 1070 3064 BDF.

183 3072 244 3096 cap.
260 3073 338 3093 XLIV.
379 3072 399 3096 1)
413 3078 476 3096 gem:
491 3072 560 3091 deest:
574 3072 607 3091 ,210
618 3082 644 3085 —
657 3071 763 3096 cs.s11pra
773 3077 790 3090 c.
802 3072 832 3090 10.
911 3071 988 3096 2)a1›.:
1004 3070 1071 3090 deest:

131 3096 192 3118 eada.
201 3098 248 3119 coll.
315 3099 336 3124 3)
344 3100 512 3124 praesentatae:
527 3098 554 3118 ib.
619 3098 640 3122 Δ)
650 3103 691 3118 an:
704 3096 820 3121 Bonam
839 3102 906 3122 quac:
920 3096 938 3117 A
1002 3096 1023 3122 5)
1033 3102 1071 3117 ac:

391 246 501 274 SEXTI
517 245 729 272 DECRETAL.
748 246 817 272 LIB.
834 246 855 272 Ι.
873 245 944 271 ΤΙΤ.
962 245 1012 271 VI.
1029 245 1080 271 DE
1098 245 1309 273 ELECTIONE
1328 247 1377 273 ET
1394 247 1528 273 ELECTI
1546 247 1627 273 POT.
1649 255 1671 273 c.
1690 255 1801 281 44—47.

1005 3017 1038 3042 12)
1049 3020 1071 3038 et
1107 3019 1213 3040 ABCDEF

2003 247 2055 273 970

1112 324 1303 358 provisionem
1322 325 1480 352 faciendam
1496 325 1524 351 in
1541 333 1575 352 ea
1592 325 1807 359 quomodolibet
1824 325 2001 360 procedatur,
2023 329 2052 351 et

1113 358 1311 392 decernentes,
1333 360 1355 385 si
1377 368 1459 386 secus
1481 368 1567 394 super
1588 361 1642 386 hoc
1663 370 1679 386 a
1701 369 1844 394 quoquam
1866 360 1986 386 scienter
2007 360 2051 385 vel

1112 393 1273 426 ignoranter
1295 398 1462 420 attentatum
1484 395 1629 427 exstiterit,
1652 395 1758 420 irritum
1779 399 1807 420 ct
1829 395 1920 427 inane,
1942 395 1997 420 iam
2014 394 2050 419 ad

1112 428 1278 454 electionem
1300 429 1416 454 forsitan
1438 429 1473 455 sit
1494 437 1658 463 processum
1680 430 1706 455 in
1729 429 1801 463 ipsa:
1828 429 1968 463 praesenti
1987 437 2050 454 con-

1112 463 1256 488 stitutione
1281 464 1434 495 sancimus,
1465 464 1554 497 quod,
1584 464 1649 490 licet
1672 464 1840 496 reservatio,
1870 463 1998 489 inhibitio
2022 468 2051 490 et

1112 497 1257 522 decretum
1274 498 1433 523 huiusmodi
1450 506 1507 523 non
1524 498 1646 524 afficiant
1659 499 1827 524 electionem
1839 498 1884 523 vel
1897 498 1960 530 alia,
1978 506 2050 531 quae

1112 532 1296 565 praecedunt,
1321 532 1445 558 afficiunt
1466 537 1573 566 tamen,
1599 538 1629 559 ut
1650 533 1751 560 effectu
1774 538 1887 559 careant
1909 541 1952 566 ca,
1978 540 2051 567 quae

1111 566 1293 600 postmodum
1307 567 1523 601 subsequuntur.

1499 638 1515 656 C
1522 637 1571 656 ΑΡ.
1585 637 1664 657 XLVI.

1111 670 1198 689 Absens
1212 670 1286 694 plures
1302 673 1457 694 procuratores
1471 671 1499 690 ad
1514 673 1587 690 actum
1601 672 1718 691 electionis
1729 672 1782 691 dai-o
1796 673 1868 695 potest
1878 672 1901 690 in
1911 671 2015 695 solidum,
2031 673 2053 690 et

1111 702 1155 714 non
1171 696 1248 720 aliter,
1263 698 1285 715 et
1300 697 1323 715 in
1339 698 1409 716 altero
1425 698 1564 716 admittendo
1579 698 1642 721 ponit
1660 700 1705 717 tres
1720 698 1808 721 gradus.
1836 699 1864 717 11.
1876 698 1896 716 nl.
1912 704 1980 721 usque
1995 698 2022 716 ad
2033 700 2051 719 ξ.

1110 722 1189 740 Porro.
1216 723 1357 742 Doniiniciis.
1372 734 1396 736 —
1411 726 1429 745 ς’.
1441 725 1459 742 2.
1474 724 1616 745 Procurator,
1632 724 1659 742 ad
1679 724 1806 747 eligendum
1822 725 1962 747 constitutus
1983 729 2051 742 unuin

1111 748 1202 766 nomine
1213 754 1259 771 suo,
1275 751 1296 767 et
1311 754 1378 768 unuin
1394 750 1485 768 nomine
1496 749 1581 768 domini
1591 749 1625 768 sui
1641 750 1723 771 eligere
1733 756 1778 768 non
1789 752 1868 773 potest,
1884 750 1927 768 nisi
1938 756 1951 768 a
1960 750 2052 768 domino

1111 774 1138 792 de
1158 776 1220 792 certa
1238 780 1334 797 persona
1352 775 1449 798 speciale
1468 775 1597 794 mandatum
1617 775 1704 794 habeat.
1732 776 1760 794 H.
1776 776 1796 794 d.
1816 787 1839 789 ——
1859 778 1907 797 §.a
1923 776 2050 794 Canonicus

1111 800 1198 823 absens,
1215 800 1268 819 licet
1281 801 1356 819 nullus
1371 801 1398 819 de
1409 801 1506 824 capitulo
1517 802 1564 819 eius
1578 804 1711 824 procurator
1721 807 1768 820 esse
1779 801 1840 825 velit,
1855 804 1875 820 et
1886 802 1933 825 ipse
1948 807 2051 825 procura·

1110 827 1188 847 torem,
1200 826 1237 849 qui
1248 831 1293 844 non
1303 827 1332 844 sit
1342 827 1370 845 de
1380 827 1484 850 capitulo,
1500 827 1592 845 uolente
1603 827 1699 850 capitulo
1710 828 1816 850 deputare
1827 833 1872 846 non
1883 827 1959 851 possit,
1974 829 2049 846 votum

1110 857 1149 876 per
1167 852 1244 871 literas
1264 852 1388 876 exprimere
1408 858 1452 871 non
1471 854 1551 876 potest,
1571 858 1638 876 quum
1657 853 1776 872 cuiuslibet
1794 856 1870 872 votum
1886 854 1913 872 sit
1928 855 2014 872 secretu
2030 855 2051 872 ct

1307 878 1421 902 sigillatim
1432 879 1455 898 in
1465 879 1573 897 scrutinio
1584 879 1763 902 exprimendum.
1790 880 1818 898 11.
1829 879 1850 898 tl.

1532 933 1632 959 Idem.

1179 975 1206 1001 Si
1219 975 1280 1009 quis
1294 976 1367 1001 iusto
1381 976 1584 1010 impedimento
1599 976 1730 1002 detentus
1741 976 1769 1002 in
1780 976 1923 1003 electionis
1934 978 2049 1011 negotio

1110 1015 1232 1043 nequeat
1258 1010 1441 1036 commodel‘
1466 1011 1614 1043 interesse,
1638 1016 1733 1044 potest
1757 1011 1863 1037 nedum
1888 1012 1943 1043 uni,
1967 1017 2050 1045 prout

1111 1044 1211 1070 dicitur
1233 1045 1261 1070 in
1283 1045 1418 1070 conci1i02
1439 1045 1574 1079 generali,
1600 1046 1650 1071 sed
1675 1050 1703 1071 et
1728 1046 1852 1079 pluribus
1874 1047 2050 1073 committere

1111 1079 1186 1105 vices
1198 1087 1273 1112 suas,
1284 1079 1351 1105 dum
1361 1084 1455 1105 tamen
1466 1088 1563 1105 eorum
1573 1080 1687 1106 cuilibet
1698 1080 1746 1106 det
1756 1081 1783 1105 in
1795 1081 1915 1106 solidum
1926 1085 2049 1114 potesta-

1111 1118 1181 1144 tem3
1203 1119 1232 1140 et
1255 1113 1307 1139 erit
1328 1119 1394 1139 tunc
1414 1115 1514 1140 melior
1539 1114 1663 1140 conditio
1687 1115 1860 1148 occupantis.
1896 1116 2001 1141 Verum
2026 1116 2048 1141 si

1111 1148 1195 1173 ambo
1210 1153 1375 1174 concurrant
1388 1148 1501 1174 insimul
1513 1153 1542 1174 et
1559 1149 1704 1185 postulent
1716 1158 1747 1175 se
1760 1149 1879 1181 admitti,
1897 1150 1985 1175 audiri
1999 1158 2049 1176 eos

1110 1191 1167 1208 non
1189 1183 1313 1216 expedit,
1338 1182 1403 1217 quia
1425 1188 1542 1217 possent
1564 1188 1629 1209 vota
1651 1192 1702 1209 sua
1725 1184 1845 1217 dirigere
1867 1185 1894 1209 in
1912 1184 2050 1217 diversos,

1111 1217 1209 1250 sicque
1226 1225 1270 1243 res
1293 1225 1348 1243 non
1370 1217 1488 1243 haberet
1505 1218 1618 1250 exitum,
1641 1222 1670 1244 et
1691 1218 1769 1252 quod
1790 1219 1826 1244 ab
1848 1219 1889 1244 eis
1910 1219 1965 1244 hoc
1983 1227 2049 1244 casu

1111 1251 1191 1277 fieret
1204 1260 1260 1277 non
1272 1252 1388 1278 valeret.
1425 1252 1481 1278 Sed
1494 1252 1517 1277 is
1535 1252 1698 1278 admittatur
1712 1253 1854 1285 duntaxat,
1873 1261 1957 1287 quem
1975 1254 2049 1287 capi-

1111 1286 1200 1312 tulum
1213 1287 1258 1312 vel
1272 1295 1336 1320 pars
1349 1286 1438 1312 maior
1455 1287 1584 1320 elegerit,
1601 1288 1654 1319 vel,
1673 1287 1695 1313 si
1710 1287 1881 1313 concordare
1898 1293 2049 1322 nequeant,

1111 1321 1143 1352 is,
1167 1321 1214 1354 qui
1236 1321 1326 1354 primo
1345 1321 1388 1346 in³
1406 1321 1590 1347 instrumento
1608 1322 1652 1348 vel
1674 1322 1760 1348 literis
1782 1322 1986 1355 procurationis
2004 1332 2050 1348 ex-

1112 1355 1212 1380 stiterit
1225 1355 1394 1381 nominatus.
1419 1355 1440 1390 ξ.
1454 1364 1475 1381 1.
1495 1356 1524 1381 Si
1537 1361 1632 1382 autem
1644 1357 1736 1382 nullus
1750 1357 1875 1390 ipsorum
1888 1357 1916 1382 in
1929 1357 2049 1382 solidum

1111 1389 1195 1415 fuerit
1216 1389 1377 1424 deputatus,
1399 1394 1464 1416 tunc
1486 1396 1602 1424 propter
1622 1391 1761 1417 rationem
1783 1391 1903 1417 eandem
1925 1391 2050 1426 ipsorum

1110 1424 1212 1458 aliquis
1234 1433 1291 1450 non
1313 1425 1428 1450 debebit
1449 1425 1569 1457 admitti,
1591 1425 1703 1459 sibique
1725 1426 1854 1459 imputet,
1877 1426 1923 1460 qui
1942 1426 1982 1452 sic
1999 1434 2048 1452 eos

1111 1459 1255 1484 constituit
1267 1459 1428 1485 indiscrete.
1460 1459 1482 1493 ξ.
1494 1468 1517 1485 2.
1536 1460 1632 1492 Porro,
1646 1468 1732 1494 quum
1744 1469 1816 1486 unus
1830 1465 1873 1486 est
1886 1466 2050 1494 procurator

1112 1493 1275 1527 simpliciter
1288 1494 1465 1526 constitutus,
1483 1494 1507 1519 si
1521 1495 1543 1519 is
1557 1503 1643 1520 unum
1656 1503 1716 1527 suo,
1735 1499 1763 1520 et
1779 1495 1865 1520 alium
1883 1495 1988 1520 domini
2006 1496 2048 1521 sui

1111 1528 1225 1554 nomine
1238 1528 1267 1553 in
1280 1528 1412 1554 scrutinio
1426 1529 1627 1554 nominandum
1641 1529 1759 1561 duxerit,
1776 1529 1844 1555 nihil
1861 1529 1928 1563 agit,
1946 1530 1999 1555 nisi
2013 1530 2048 1556 de

1111 1567 1187 1588 certa
1201 1563 1333 1596 eligenda
1345 1571 1467 1597 persona
1484 1563 1536 1589 sibi
1556 1564 1685 1590 dominus
1704 1564 1815 1590 dederit
1832 1564 1955 1598 speciale
1972 1573 2049 1590 man-

1111 1597 1217 1623 datum.
1254 1598 1334 1623 Tunc
1351 1598 1426 1623 enim
1445 1598 1472 1623 in
1490 1598 1566 1624 illam
1584 1598 1653 1630 eius,
1676 1603 1703 1624 et
1721 1598 1748 1624 in
1766 1598 1849 1624 aliam
1866 1607 1916 1624 suo
1934 1599 2047 1625 nomine

1111 1632 1184 1657 licite
1197 1632 1301 1665 poterit
1315 1632 1482 1658 consentire.
1518 1632 1539 1666 ξ.
1553 1641 1577 1665 3.
1602 1633 1715 1658 Absens
1734 1642 1857 1667 quoque,
1875 1633 1939 1659 licet
1956 1633 2047 1659 nullus

1112 1666 1147 1692 de
1160 1667 1280 1699 collegio
1294 1667 1361 1692 velit
1381 1675 1444 1693 esse
1458 1672 1623 1700 procurator
1640 1667 1778 1700 eiusdem,
1795 1676 1847 1693 nec
1860 1667 1922 1701 ipso
1935 1669 2049 1694 nolente

1110 1701 1232 1735 capitulo
1247 1705 1409 1727 extraneum
1422 1702 1513 1727 valeat
1527 1702 1673 1736 deputare,
1686 1711 1742 1727 non
1756 1702 1858 1736 poterit
1871 1702 2047 1736 aliquatenus

1110 1744 1161 1769 per
1174 1735 1268 1761 literas
1283 1737 1440 1770 exprimere
1452 1740 1550 1762 votum
1563 1745 1653 1769 suum,
1673 1737 1749 1770 quod
1761 1745 1818 1762 non
1832 1742 1875 1762 est
1891 1742 1956 1763 ante
1974 1745 2049 1762 scru-

1109 1770 1217 1802 tinium,
1239 1770 1291 1796 sed
1308 1771 1336 1795 in
1353 1771 1415 1804 ipso
1439 1771 1570 1797 scrutinio
1590 1776 1699 1798 secrete
1717 1776 1745 1798 et
1766 1771 1908 1806 sigillatim
1929 1776 2048 1798 tantum-

1109 1805 1195 1830 modo
1209 1805 1432 1839 exprimendum.

1491 1876 1507 1895 C
1514 1876 1533 1896 A
1539 1877 1565 1896 P.
1578 1877 1668 1897 XLVII.

1109 1909 1133 1928 Si
1151 1911 1243 1933 apparet
1263 1909 1381 1932 contectus,
1401 1910 1437 1929 vel
1455 1916 1479 1929 se
1494 1917 1609 1935 opponens
1625 1912 1652 1935 ei,
1667 1912 1705 1935 qni
1720 1911 1913 1930 confirmationem
1927 1913 1992 1936 petit:
2012 1913 2049 1932 ille

1108 1936 1226 1954 vocabitur
1240 1936 1388 1960 nominatim,
1403 1936 1459 1955 alias
1470 1938 1507 1955 fiet
1522 1938 1545 1956 in
1556 1938 1651 1956 ecelesia
1662 1938 1724 1957 crida
1733 1938 1851 1961 generalis,
1867 1938 1925 1962 quod
1936 1944 1960 1957 se
1970 1939 2049 1957 contii·-

1109 1961 1311 1981 mationivolentes
1321 1967 1434 1985 opponere
1444 1964 1537 1982 veniant
1546 1964 1698 1987 peremptorio
1705 1965 1828 1987 assignato:
1839 1964 2049 1984 antei-confirmatio

1386 1989 1445 2007 facta
1454 1994 1500 2008 non
1510 1991 1578 2008 tenet.
1606 1990 1684 2009 Ioann.
1695 1990 1766 2009 Andr.

1526 2044 1627 2070 Idem.

1178 2085 1326 2119 Quoniam,
1337 2086 1475 2112 electione
1485 2095 1542 2112 non
1552 2087 1579 2112 in
1590 2087 1740 2113 concordia
1750 2088 1901 2122 celebrata,
1913 2089 2048 2122 superior,

1109 2119 1145 2145 ad
1168 2128 1253 2153 quem
1274 2120 1420 2146 electionis
1443 2121 1530 2155 ipsius
1553 2122 1727 2148 confirmatio
1750 2123 1881 2156 pertinet,
1904 2125 2048 2149 consuevit

1109 2154 1249 2180 interdum
1267 2163 1334 2180 suae
1353 2155 1570 2181 confirmationis
1590 2157 1742 2189 celeritate,
1761 2157 1924 2191 praeferens
1943 2158 2048 2191 cupidi-

1109 2193 1196 2214 tatem
1210 2190 1351 2223 propriam
1365 2189 1415 2215 iuri
1429 2194 1458 2215 et
1468 2190 1656 2217 inordinatum
1667 2191 1798 2217 effectum
1809 2192 1894 2218 etiam
1904 2193 2047 2226 aequitati,

1110 2223 1323 2257 competitorem
1340 2224 1502 2258 aliquando,
1524 2225 1571 2251 ubi
1593 2225 1674 2257 alius,
1694 2227 1739 2252 vel
1757 2234 1815 2258 θος,
1839 2227 1885 2260 qui
1904 2236 1934 2253 se
1952 2228 2047 2253 volunt

1110 2266 1264 2292 opponere,
1290 2258 1402 2292 quando
1425 2259 1532 2285 electus
1557 2265 1600 2286 est
1625 2261 1729 2292 unicus,
1757 2261 1946 2295 supplantare,
1972 2262 2046 2294 dum,

1109 2293 1191 2318 nullis
1204 2292 1311 2318 vocatis
1325 2298 1353 2319 et
1370 2302 1427 2318 non
1439 2294 1566 2320 discusso
1584 2295 1709 2328 negotio,
1724 2304 1775 2329 per
1791 2297 1966 2329 repentinam
1983 2305 2047 2322 con-

1110 2326 1296 2353 firmationem
1309 2328 1363 2353 cito
1382 2332 1479 2354 contra
1497 2328 1653 2355 doctrinam
1666 2330 1796 2364 Apostoli
1815 2330 1932 2364 imponit
1949 2339 2046 2356 manus

1110 2362 1214 2388 electo:
1234 2370 1295 2394 nos,
1308 2362 1435 2388 volentes
1449 2363 1513 2389 huic
1523 2364 1622 2390 morbo
1636 2369 1664 2390 et
1674 2364 1820 2390 fraudibus
1831 2365 1954 2397 obviare,
1967 2374 2046 2399 prae-

1111 2396 1182 2422 senti
1205 2396 1404 2423 constitutione
1427 2398 1576 2430 sancimus,
1599 2399 1825 2425 confirmationes
1849 2399 1919 2425 tales
1941 2400 2045 2425 viribus

1110 2431 1224 2456 omnino
1238 2439 1343 2464 carere,
1360 2431 1494 2466 ipsasque
1509 2433 1684 2459 decernimus
1699 2434 1789 2459 irritas
1803 2438 1832 2459 et
1849 2433 1953 2459 inanes.
1990 2435 2046 2459 Vo-

1111 2465 1250 2491 cationem
1263 2470 1358 2492 autern
1372 2466 1531 2493 huiusmodi
1545 2468 1718 2500 nominatim,
1732 2468 1779 2493 ubi
1793 2474 1836 2494 est
1849 2468 1988 2494 coelectus
2001 2469 2045 2494 vel

1110 2505 1228 2534 apparet
1252 2501 1412 2534 oppositor,
1442 2501 1510 2527 alias
1535 2503 1705 2535 generaliter
1729 2503 1756 2528 in
1780 2503 1913 2535 ecclesia,
1938 2502 1966 2528 in
1990 2511 2046 2537 qua

1110 2535 1227 2561 electi01
1245 2534 1319 2561 facta
1337 2540 1391 2568 est,
1413 2540 1452 2568 ut,
1473 2537 1496 2562 si
1519 2537 1566 2570 qui
1589 2537 1653 2569 sint,
1676 2537 1722 2570 qui
1740 2546 1770 2563 se
1788 2537 1874 2562 velint
1892 2546 2046 2570 opponere,

1109 2574 1291 2603 compareant
1319 2570 1462 2603 assignato
1493 2571 1684 2605 peremptorio
1719 2572 1835 2597 termino
1865 2572 2046 2605 competenti,

1109 2603 1268 2630 faciendam
1282 2612 1345 2630 esse
1359 2613 1516 2638 censemus,
1531 2614 1612 2640 quae,
1627 2606 1736 2632 etiamsi
1746 2606 1846 2632 electio
1858 2606 1885 2632 in
1895 2607 2045 2632 concordia

1110 2638 1252 2665 celebrata
1264 2638 1357 2672 fuerit,
1371 2640 1497 2666 volumus
1511 2641 1664 2667 observari.

1105 2761 1198 2785 audivit
1214 2761 1246 2785 de
1262 2761 1382 2786 electione
1404 2762 1468 2786 saeta
1489 2763 1520 2786 de
1536 2762 1602 2786 dom.
1624 2762 1707 2786 Sclata
1724 2762 1850 2793 praedicto
1867 2762 1925 2786 satis
1945 2766 2044 2794 gratum

1104 2795 1206 2820 habuit:
1222 2797 1265 2820 sed
1283 2797 1314 2820 ab
1331 2797 1467 2821 astantibus
1485 2797 1542 2821 iuris
1558 2797 1642 2828 peritis
1659 2797 1785 2828 quaesivit,
1807 2805 1837 2819 :in
1854 2797 1885 2820 ad
1903 2797 1990 2828 ipsum,
2012 2806 2043 2821 an

1105 2831 1136 2854 ad
1157 2831 1264 2863 archiep.
1289 2831 1365 2863 ipsius
1387 2832 1512 2855 electionis
1532 2835 1651 2863 spectaret
1674 2831 1834 2860 confirmatio,
1860 2832 1926 2863 quod
1944 2832 1984 2856 hic
2001 2833 2043 2856 (le-

1105 2865 1231 2890 terminat:
1252 2864 1356 2891 Glossa.

1262 3020 1283 3043 6)
1293 3026 1331 3039 ac:
1347 3019 1376 3040 1³.-
1390 3019 1458 3039 decst:
1472 3019 1490 3039 E
1540 3019 1560 3043 7)
1571 3025 1608 3039 ac:
1623 3018 1683 3039 AM.

1139 3073 1144 3078 ι
1159 3046 1221 3083 (ἔπη).
1236 3047 1314 3082 λῖΙΝ-,Β
1342 3047 1361 3070 i)
1373 3051 1465 3065 comma
1480 3046 1549 3065 <Ie-cst:
1563 3044 1668 3065 ABCIJEF
1700 3046 1720 3070 2)
1730 3046 1758 3071 cs.
1769 3052 1786 3066 c.
1796 3047 1829 3066 42.
1839 3046 1866 3066 X.
1878 3046 1902 3067 110
1911 3047 1967 3067 acet.
1978 3047 2006 3073 (1,
2016 3046 2044 3072 6.)

1107 3072 1127 3098 3)
1138 3078 1176 3118 md
1182 3071 1325 3123 ἔῗιεδιλέὶύῌ.
1352 3097 1373 3122 1)
1383 3098 1423 3118 εις
1437 3103 1478 3118 om.
1488 3103 1501 3118 ιι
1511 3096 1614 3118 Ricldcro.
