2243 3288
121 260 188 289 1045

121 338 196 371 facit,
208 340 312 372 potest.
347 337 419 362 Nam
433 340 633 363 testamentum
645 337 805 363 huiusmodi
819 336 957 371 pupillare
969 341 1059 371 pater-

121 381 196 405 num,
209 371 253 398 vel
265 371 375 405 paterni
388 379 453 405 pars
467 371 560 405 potius
575 376 618 398 est
632 371 812 398 censendum.

534 441 608 461 CAP.
623 442 651 461 11.

119 475 226 500 Superior
240 475 307 494 habet
321 475 450 494 consentire
464 475 583 499 religiosis,
602 476 713 500 deputatis
728 475 904 495 exsecutoribus.
936 476 985 494 Hoc
1000 476 1061 501 dicit,

119 501 240 521 secuudum
254 501 320 520 Zeuz.
335 511 360 514 —
373 503 392 523 ἓ.
404 502 422 519 1.
435 501 542 520 Pluribus
557 503 724 521 exsecutoribus
739 502 803 525 datis.
818 507 863 520 uuo
877 503 973 525 mortuo,
988 503 1023 521 vel
1039 503 1062 521 in

120 527 212 546 remotis
222 527 351 550 exsistente,
359 527 394 546 vel
405 528 497 551 exsequi
507 528 606 551 uolente,
613 533 670 547 unus
676 528 774 547 officium
781 527 933 547 exsecutionis
939 529 1060 551 exercebit,

119 559 148 573 ne
162 553 297 577 impediatur
310 553 423 572 testatoris
437 554 552 577 voluntem
568 554 611 572 uisi
626 554 686 573 aliud
701 559 741 578 per
754 555 884 573 testatorem
899 553 1061 578 disponeretur.

457 579 485 598 Η.
496 579 517 598 d.
528 580 651 599 secuudum
661 580 728 599 Zenz.

537 622 640 648 Idem.

188 663 359 697 Religiosus,
376 668 525 690 exsecutor
537 664 573 690 ab
591 664 686 698 aliquo
698 664 726 689 in
743 672 794 690 sua
806 664 951 691 voluntate
965 665 1061 691 ultima

121 698 286 732 deputatus,
308 706 365 724 non
386 703 494 732 potest,
517 707 605 732 quum
621 699 694 724 velle
711 699 757 725 vel
777 699 852 725 nolle
870 708 927 725 non
948 700 1059 732 habeat,

117 732 279 758 huiusmodi
296 732 420 758 officium
437 733 581 767 suscipere
598 733 644 758 vel
661 733 792 767 exsequi,
810 733 862 759 nisi
881 743 897 759 a
915 734 1059 768 superiore

118 775 170 793 suo
183 767 272 801 petita
285 775 370 800 super
387 767 441 793 hoc
459 767 572 793 licentia
584 772 613 793 et
625 767 751 793 obtenta.
786 767 808 802 ξ.
825 776 846 794 1.
871 769 958 800 Sane,
976 769 1058 803 pluri-

119 802 171 828 bus
194 810 211 827 a
235 805 372 827 testatore
396 802 561 836 simpliciter
584 802 796 828 exsecutoribus
822 802 978 837 deputatis,
1003 812 1057 829 uno

118 844 216 862 eorum
228 840 349 868 mortuo,
368 836 414 862 vel
431 836 459 862 in
472 836 587 862 remotis
605 840 722 869 agente,
740 841 788 862 aut
806 837 834 862 id
851 838 967 871 exsequi
986 838 1058 864 forte

117 870 241 903 nolente,
259 879 295 896 ne
311 870 485 896 voluntatem
503 871 645 896 testatoris
662 871 792 905 impediri
810 872 855 897 vel
872 872 988 898 nimium
1007 873 1058 898 dif-

118 905 184 931 ferri
197 905 350 938 contingat,
368 905 472 939 poterit
485 906 564 938 alius,
582 905 635 931 nisi
649 910 768 931 testator
786 906 862 931 aliud
879 907 1057 941 expresserit,

117 939 242 965 officium
255 940 442 966 exsecutionis
456 940 596 966 iniunctae
609 940 697 966 libere
709 940 874 975 adimplere.

429 1020 654 1050 TITULUS
681 1020 745 1049 ΧΠ.

407 1078 464 1104 DE
492 1078 771 1105 SEPULTURIS.

536 1148 608 1168 CAP.
622 1148 640 1167 Ι.

115 1183 160 1202 Hic
178 1182 310 1206 prohibetur
327 1183 417 1206 pactum
436 1183 464 1202 de
482 1183 597 1207 sepultura
615 1183 727 1207 eligenda.
759 1184 809 1203 Nou
829 1183 932 1202 obstante
950 1184 1015 1206 pacto
1031 1183 1058 1202 de

116 1208 231 1232 sepultura
241 1209 351 1233 eligenda,
367 1209 403 1228 vel
414 1209 487 1228 electa
495 1215 541 1228 nou
552 1209 665 1233 mutanda,
682 1209 824 1232 sepeliendus
839 1210 872 1228 est
882 1209 938 1233 quis,
954 1209 993 1228 ubi
1002 1209 1058 1228 alias

117 1236 166 1253 erat
184 1235 212 1253 de
230 1235 279 1253 iure
297 1235 447 1258 sepeliendus,
467 1237 489 1254 et
506 1235 562 1254 alias
581 1235 680 1259 sepultus
695 1241 744 1254 cum
760 1235 864 1254 omuibus
879 1235 1006 1258 sepulturae
1021 1235 1058 1254 ob-

117 1260 221 1280 ventibus
240 1260 393 1280 restituendus
412 1262 457 1285 est;
476 1261 532 1280 alias
550 1266 624 1285 poena
642 1261 765 1280 incurritur
783 1261 821 1280 hie
840 1262 952 1280 contenta.
988 1261 1017 1280 Η.
1037 1261 1058 1280 d.

490 1287 613 1306 secundum
623 1288 690 1306 Zenz.

442 1328 642 1355 Bonifacius
662 1329 732 1355 VIII.

185 1371 351 1397 Animarum
363 1372 496 1406 periculis
509 1376 537 1398 et
550 1372 700 1404 scandalis,
711 1380 784 1405 quae
795 1371 958 1406 frequenter
968 1380 1002 1398 ex
1014 1372 1057 1398 his

117 1406 299 1439 proveniunt,
317 1407 432 1432 obviare
449 1407 588 1439 volentes,
606 1407 742 1432 universis
760 1407 899 1440 religiosis
917 1411 945 1432 et
962 1415 1057 1433 saecu-

116 1440 221 1466 laribus
234 1440 351 1473 clericis,
365 1441 558 1475 cuiuscunque
572 1446 660 1467 status
671 1442 716 1467 vel
729 1441 899 1467 conditionis
911 1441 1055 1474 exsistant,

117 1475 145 1501 in
162 1475 264 1501 virtute
281 1479 396 1501 sanctae
414 1475 593 1502 obedientiae
610 1484 643 1502 ac
660 1476 712 1502 sub
731 1475 957 1502 interminatione
969 1476 1057 1501 male-

117 1509 246 1536 dictionis
260 1514 393 1536 aeternae
407 1510 613 1537 districtissime
630 1510 827 1545 prohibemus,
844 1519 880 1537 ne
896 1510 1005 1545 aliquos
1020 1511 1056 1536 ad

115 1616 187 1640 matri
200 1616 281 1647 potius
295 1616 378 1640 fuisset
395 1620 505 1640 mortuus
519 1624 593 1648 quam
606 1616 683 1640 sorori
696 1616 813 1648 quiequid
830 1616 855 1640 in
872 1619 988 1640 extraneo
1001 1617 1057 1639 sub-

115 1651 201 1675 stituto
214 1651 281 1682 quod
294 1651 328 1674 nil
341 1651 408 1674 aliud
421 1651 452 1674 de
465 1651 536 1674 bonis
549 1651 625 1682 ipsius
638 1651 681 1674 filii
694 1651 817 1674 debuisset
831 1651 957 1682 percipere
970 1651 1058 1675 clarius

115 1689 252 1717 appareret.
282 1686 349 1709 Nam
362 1686 497 1709 secundum
510 1687 557 1709 hoc
570 1686 651 1709 minus
664 1686 695 1709 de
708 1686 843 1709 hereditate
856 1686 899 1709 tali
913 1686 1053 1714 substituto,

116 1724 139 1744 et
158 1720 230 1744 matri
248 1721 355 1752 amplius
372 1721 535 1749 remansisset,
558 1721 615 1751 quia
632 1720 663 1744 de
680 1721 735 1744 XII
753 1721 832 1743 unciis
848 1720 988 1743 deduxisset
1006 1721 1059 1751 ipsa

113 1755 176 1783 VII,
193 1755 217 1778 V
234 1755 281 1786 ipsi
294 1755 476 1779 remanentibus
489 1755 641 1778 substitutae.
681 1755 735 1778 Nec
752 1763 849 1786 quoque
866 1759 1057 1778 consentaneum

115 1793 150 1813 est
164 1793 187 1813 et
200 1789 334 1821 placidum,
351 1794 376 1813 ut
390 1790 421 1813 de
434 1790 482 1813 alia
492 1790 531 1813 via
540 1790 569 1813 iis
579 1793 645 1813 recta
654 1789 759 1819 eligatur
768 1790 850 1820 potius
861 1797 935 1820 quam
946 1789 1053 1821 obliqua,

114 1824 180 1848 unde
197 1828 221 1847 et
238 1824 263 1847 in
280 1824 394 1848 omnibus
412 1824 626 1848 substitutionibus
643 1824 754 1847 facienda
771 1828 805 1847 est
825 1832 921 1855 semper
938 1824 1056 1855 interpre-

115 1859 184 1887 tatio,
202 1859 338 1882 dummodo
352 1867 435 1882 earum
448 1859 529 1882 verbis
542 1862 565 1882 et
579 1859 689 1889 personis
702 1859 822 1882 institutio
836 1859 972 1887 conveniat,
990 1859 1056 1890 quod

115 1893 267 1925 accipiantur
283 1893 321 1916 vel
339 1893 508 1924 intelligantur
524 1893 606 1924 potius
618 1897 643 1916 ut
657 1893 771 1917 directae.
812 1893 866 1916 Nec
878 1893 903 1916 in
917 1901 973 1917 casu
986 1901 1055 1925 prae-

115 1929 177 1952 senti
188 1932 238 1951 erat
252 1928 352 1959 aliquid,
369 1936 399 1951 ex
412 1936 461 1959 quo
470 1928 569 1951 daretur
581 1928 692 1959 intelligi,
707 1928 773 1959 quod
786 1936 830 1959 per
842 1932 953 1957 matrem,
967 1928 998 1951 de
1008 1936 1057 1959 qua

115 1967 218 1986 testator
241 1963 392 1986 mentionem
417 1971 466 1985 non
492 1962 580 1986 fecerat
605 1970 650 1986 nec
677 1963 878 1994 praesumebatur
902 1963 1056 1994 aliquatenus

115 1998 236 2028 cogitasse
253 1997 317 2028 quod
336 1997 412 2028 ipsius
429 1997 473 2020 filii
490 1997 612 2021 hereditas
628 1997 660 2020 ad
677 1997 728 2020 eius
744 1997 979 2021 sororem'debuerit
1002 2005 1055 2028 per-

114 2032 204 2060 venire,
218 2040 295 2063 quum
307 2032 399 2055 directe
412 2032 514 2055 transire
526 2032 632 2063 potuerit
646 2032 677 2054 ad
691 2032 793 2055 eandem
808 2032 861 2063 ipso
875 2031 926 2055 filio
939 2032 963 2054 in
977 2036 1056 2055 aetate

114 2070 212 2090 mortuo
225 2066 348 2097 pupillari,
365 2074 444 2097 neque
457 2067 531 2089 verba
544 2067 587 2090 illa
604 2066 645 2094 „si
659 2066 751 2097 absque
765 2066 847 2090 liberis
859 2066 1011 2090 decederet“
1024 2067 1055 2089 ad

114 2101 332 2125 fideicommissum
345 2101 543 2124 substitutionem
553 2101 693 2124 huiusmodi
706 2101 791 2124 haberi
804 2101 1055 2132 pertrahebant;quin

114 2137 191 2159 immo
217 2136 268 2159 iure
294 2135 360 2159 civili
385 2143 458 2166 super
483 2139 630 2159 testamento
652 2135 724 2158 certis
745 2135 891 2159 testimoniis
905 2134 935 2166 (?)
958 2135 1056 2166 prodito

114 2171 215 2202 patebat
229 2174 320 2201 aperte,
337 2170 403 2201 quod
417 2170 577 2200 intelligenda
589 2173 651 2193 esset
665 2170 720 2193 talis
733 2170 873 2193 substitutio
883 2170 1018 2201 pupillaris,
1030 2174 1055 2193 ut

114 2206 160 2229 iste
173 2205 228 2229 talis
241 2205 311 2228 fuerit
326 2205 476 2228 intellectus:
493 2205 512 2227 si
526 2204 589 2228 filius
602 2204 641 2227 vel
659 2204 709 2227 filia
725 2204 854 2228 decederet
871 2204 923 2227 sine
936 2204 1018 2227 liberis
1031 2205 1055 2227 in

113 2240 230 2272 pupillari
243 2243 330 2267 aetate,
348 2239 406 2270 quia
418 2239 531 2262 videlicet
545 2239 570 2262 in
580 2247 608 2262 ea
622 2239 686 2262 filios
698 2239 795 2270 penitus
807 2239 898 2262 habere
911 2246 960 2261 non
973 2244 1054 2269 posset

114 2275 239 2298 exsisteret
250 2274 311 2297 alter
320 2274 398 2302 heres,
408 2281 558 2304 quamquam
568 2274 587 2296 si
601 2273 665 2297 filius
675 2273 727 2304 ipse
737 2273 814 2296 factus
824 2273 902 2304 pubes
911 2273 963 2296 sine
973 2273 1055 2296 liberis

114 2309 257 2333 decessisset
279 2308 403 2332 debuisset
425 2308 547 2331 hereditas
568 2308 636 2339 quasi
659 2316 702 2339 per
722 2307 939 2331 fideicommissum
962 2308 1054 2331 restitui

114 2344 267 2368 substitutae.
308 2343 375 2366 Nam
388 2350 464 2374 quum
476 2343 551 2366 verba
564 2350 627 2373 quae
640 2342 778 2373 specialiter
794 2342 921 2373 vulgarem
938 2342 1053 2365 substitu-

113 2379 207 2403 tionem
217 2378 321 2401 innuunt
332 2377 392 2401 sicut
406 2377 478 2400 haec:
490 2377 532 2406 „si
546 2377 587 2400 ille
598 2377 657 2400 mihi
667 2377 738 2400 heres
747 2385 796 2400 non
808 2377 885 2405 fuerit,
899 2377 940 2400 ille
950 2377 1011 2400 alius
1024 2377 1054 2400 sit

115 2413 175 2436 mihi
188 2412 281 2436 heres“
294 2412 423 2435 trahantur
435 2416 459 2435 et
472 2412 635 2435 extendantur
647 2411 678 2435 ad
692 2411 840 2442 pupillarem
857 2411 993 2434 dummodo
1010 2411 1054 2434 filii

114 2452 183 2472 aetas
204 2447 341 2470 exsistentis
366 2447 390 2469 in
413 2450 534 2477 potestate
556 2446 632 2477 patris
653 2446 764 2469 testantis
786 2446 887 2469 minime
909 2445 1054 2476 refragetur:

114 2491 173 2513 ergo
190 2482 234 2505 illa
251 2489 314 2512 quae
335 2481 451 2512 pupillam*
469 2480 636 2504 substitutioni
655 2485 720 2504 recte
737 2480 885 2504 conveniunt
902 2480 962 2503 sicut
981 2484 1016 2504 est
1031 2481 1054 2503 in

114 2516 288 2541 substitutione
305 2516 426 2547 impuberi
440 2515 504 2539 facta
521 2515 572 2538 filio
589 2523 685 2546 semper
697 2515 728 2538 ad
742 2515 888 2546 pupillarem
905 2519 959 2538 sunt
974 2515 1054 2545 potius

114 2551 248 2579 referenda,
269 2550 406 2573 dummodo
424 2550 485 2573 infra
502 2550 664 2581 pubertatem,
690 2550 766 2572 immo
779 2549 926 2581 pupillarem
948 2553 1054 2573 aetatem

113 2587 179 2610 filius
195 2585 321 2612 moriatur,
342 2585 454 2616 quamvis
471 2584 594 2608 interdum
611 2589 634 2607 et
652 2584 683 2607 ad
701 2584 917 2607 fideicommissum
935 2591 963 2607 ex
982 2592 1054 2607 causa

113 2621 248 2648 trahantur,
266 2627 311 2643 nec
324 2619 454 2642 videbatur
466 2619 647 2648 inconveniens,
664 2619 730 2650 quod
745 2619 819 2642 verba
832 2626 876 2649 per
887 2626 950 2649 quae
963 2618 1054 2642 directa

114 2656 152 2679 vel
169 2654 297 2686 pupillaris
313 2654 454 2677 substitutio
472 2653 623 2683 intelligitur,
644 2653 704 2676 sicut
722 2661 797 2684 quum
815 2653 915 2676 dicitur:
931 2653 972 2681 „si
991 2653 1055 2676 filius

113 2691 152 2714 vel
163 2690 214 2713 filia
228 2689 357 2712 decesserit
372 2688 424 2711 sinc
438 2688 519 2711 liberis
533 2688 650 2711 moriatur
662 2687 705 2710 tali
718 2687 756 2711 vel
770 2687 844 2711 talem
854 2687 901 2710 sibi
911 2687 1055 2711 substituo“

113 2725 145 2748 ad
158 2724 303 2747 indirectam
316 2723 355 2746 vel
368 2722 619 2746 fideicommissariam
633 2722 793 2745 traherentur.
827 2722 894 2745 Nam
907 2721 967 2745 haec
980 2722 1055 2745 verba

113 2759 188 2789 „sine
201 2758 306 2782 liberis“
320 2761 411 2781 certam
421 2765 470 2780 non
481 2757 608 2787 designant
623 2760 736 2785 aetatem,
746 2764 821 2787 quum
834 2760 857 2780 et
871 2760 927 2780 ante
940 2756 1053 2787 puberta-

113 2798 163 2818 tem
177 2797 199 2817 et
213 2797 268 2824 post
283 2792 346 2816 filius
359 2792 397 2815 vel
411 2791 462 2815 filia
474 2792 526 2815 sine
539 2791 622 2814 liberis
635 2791 696 2814 mori
710 2791 794 2822 possit.
822 2791 853 2814 Et
867 2791 969 2814 verbum
982 2791 1053 2814 illud:

113 2827 346 2858 ‚‚moriatur‘¹sive,
353 2827 506 2855 ‚restituti0“
514 2826 545 2849 ad
557 2825 775 2849 fideicommissum
785 2825 959 2849 convenienter
967 2829 1053 2856 aptan-

113 2867 158 2892 tur,
173 2866 196 2886 et
210 2870 286 2894 quum
299 2861 360 2885 haec
373 2861 398 2884 in
408 2860 590 2889 substitutione,
607 2868 670 2891 quae
683 2868 698 2883 a
711 2860 788 2883 milite
801 2860 820 2883 si
834 2860 959 2890 contingat
970 2863 993 2883 et
1005 2868 1053 2884 non

113 2897 236 2921 invenitur
256 2897 308 2920 iure
326 2895 477 2927 prohibitum
494 2895 594 2920 tutando
616 2894 667 2918 fieri
685 2894 773 2918 debeat
791 2895 816 2917 in
841 2894 1054 2919 substitutionibus

113 2932 225 2960 aliorum,
251 2931 310 2962 quin
328 2931 405 2954 immo
425 2930 449 2953 id
468 2930 549 2961 ipsum
570 2929 656 2953 suadet
677 2929 739 2952 ratio
756 2932 779 2953 et
797 2929 822 2952 in
839 2929 888 2952 illis
900 2929 1050 2960 praesertim,

115 2974 191 2998 quum
208 2965 341 2990 favendum
358 2965 388 2989 sit
405 2964 574 2988 voluntatibus
591 2967 742 2993 testatorum,
764 2963 820 2987 licet
837 2963 950 2987 nonnulli
967 2963 1054 2987 famosi

114 3001 228 3025 doctores
244 3000 393 3024 contrarium
410 2999 529 3023 senserint
547 3002 570 3022 et
587 3002 748 3029 astruxerunt,
769 2998 859 3030 quibus
875 3001 958 3022 tamen
970 2998 996 3022 in
1007 2998 1056 3023 hoc

165 3111 218 3131 Tit.
231 3111 280 3131 XII.
308 3111 370 3137 Cap.
384 3111 402 3131 1.
430 3110 450 3136 1)
461 3109 587 3131 eorundem.-
600 3109 640 3129 AG.

490 258 599 285 SEXTI
617 258 828 286 DECRETAL.
847 258 913 285 LIB.
932 258 976 285 111.
995 259 1065 285 TIT.
1084 260 1130 286 XI.
1150 260 1208 286 XII.
1227 260 1278 286 DE
1297 260 1535 288 SEPULTURIS.
1555 269 1578 288 e.
1602 270 1622 288 1.
1643 269 1666 288 ε.

1972 261 2038 289 1046

1096 338 1265 371 vovendum,
1283 339 1439 372 iurandum,
1457 340 1502 366 vel
1515 340 1571 366 fide
1588 339 1754 374 interposita
1767 348 1816 366 seu
1834 340 1902 366 alias
1921 341 2035 374 promit-

1097 373 1213 399 tendum
1241 373 1387 406 inducant,
1416 378 1446 400 ut
1474 375 1550 408 apud
1579 383 1676 401 eorum
1705 375 1838 401 ecclesias
1863 375 2035 408 sepulturam

1097 408 1210 440 eligant,
1229 408 1273 434 vel
1287 408 1341 434 iam
1355 409 1474 435 electam
1488 409 1602 435 ulterius
1616 418 1671 435 non
1686 409 1841 435 immutent.
1878 410 1936 435 Nos
1950 410 2034 441 enim,

1098 441 1120 467 si
1134 450 1215 468 secus
1229 447 1321 468 actum
1335 443 1433 475 fuerit,
1451 443 1619 470 electionem
1638 444 1722 469 talem
1739 444 1916 470 decernimus
1933 444 2034 470 nullius

1097 477 1208 510 penitus
1222 477 1358 503 exsistere
1377 477 1524 510 firmitatis,
1543 483 1708 510 statuentes,
1726 483 1756 504 ut
1773 478 1810 510 hi,
1829 478 1875 512 qui
1889 479 1928 504 sic
1941 479 2034 512 elege-

1097 511 1164 542 rint,
1181 519 1233 537 nec
1250 512 1327 546 apud
1345 512 1384 538 sic
1402 512 1507 538 electas
1526 513 1659 539 ecclesias
1677 513 1815 539 ullatenus
1834 513 1961 546 sepeliri,
1983 521 2034 540 nec

1097 545 1176 577 alibi,
1194 554 1230 572 ne
1244 551 1340 572 contra
1358 551 1467 579 votum,
1486 547 1671 573 iuramentum
1689 552 1737 573 aut
1754 547 1923 581 promissum
1940 547 2034 573 huius-

1096 580 1172 605 modi
1183 589 1200 605 a
1211 589 1242 606 se
1256 581 1359 606 sactum
1369 582 1514 607 materiam
1525 582 1647 607 habeant
1658 582 1797 614 veniendi,
1808 582 1917 615 possint
1928 582 2033 615 eligere

1096 615 1282 648 sepulturam;
1310 615 1375 647 sed,
1398 616 1619 641 contradictione
1642 624 1809 649 quacunque
1827 620 1969 648 cessante,
1991 625 2034 642 se-

1097 649 1237 682 peliantur
1250 650 1363 675 omnino
1377 650 1452 683 apud
1466 650 1526 676 illas
1540 650 1683 681 ecclesias,
1702 650 1777 684 apud
1791 658 1861 684 quas
1876 651 2032 684 sepeliendi

1096 683 1132 709 de
1150 684 1208 709 iure
1226 683 1358 716 fuissent,
1380 685 1403 710 si
1424 685 1492 710 alias
1512 685 1654 718 sepultura
1671 693 1727 710 non
1745 685 1835 710 electa
1852 685 1968 710 forsitan
1986 685 2033 711 de-

1096 718 1257 744 cessissent.
1294 718 1321 744 Si
1334 727 1401 744 vero
1419 719 1505 744 iidem
1522 719 1645 752 religiosi
1658 719 1703 745 vel
1721 719 1813 745 clerici
1831 719 1992 753 praedictos
2006 720 2034 745 in

1095 753 1152 777 suis
1172 752 1296 778 ecclesiis
1315 753 1358 778 vel
1377 753 1555 779 coemeteriis
1577 753 1817 787 praesumpserint
1839 754 1971 787 sepelire:
1995 754 2032 779 ad

1094 787 1301 812 restitutionem
1318 792 1374 812 tam
1392 788 1566 821 sepultorum
1583 796 1740 822 corporum,
1754 788 1777 813 si
1795 793 1935 821 petantur,
1948 797 2033 822 quam

1095 821 1179 846 etiam
1194 822 1327 853 omnium,
1342 830 1414 855 quae
1432 822 1580 847 occasione
1597 822 1758 856 sepulturae
1776 822 1885 848 illorum
1897 831 2032 856 pervene-

1094 855 1147 880 rint
1161 856 1377 889 quomodolibet
1390 856 1426 882 ad
1440 856 1566 888 eosdem,
1579 856 1665 882 infral
1680 856 1847 882 decendium
1860 857 2033 890 integraliter

1093 890 1253 916 faciendam
1264 890 1341 924 ipsos
1352 891 1492 923 obligatos
1502 899 1566 916 esse
1576 899 1732 916 censemus.
1746 892 1837 924 Quam
1843 891 1895 916 nisi
1907 891 2033 924 fecerint,

1094 924 1230 950 ecclesiae
1244 925 1331 958 ipsae,
1344 925 1421 959 apud
1435 933 1504 958 quas
1518 925 1620 958 sepulti
1634 925 1745 957 fuerint,
1755 933 1806 951 nec
1818 934 1873 951 non
1884 931 1911 951 et
1922 934 2031 952 coeme-

1093 959 1163 984 teria
1181 959 1353 985 earundeml
1370 964 1470 985 extunc
1488 967 1522 985 eo
1537 959 1598 993 ipso
1612 959 1667 985 sint
1684 964 1712 985 et
1725 959 1831 985 tamdiu
1844 965 1974 986 maneant
1987 968 2031 986 ec-

1094 993 1250 1019 clesiastico
1265 993 1411 1027 supposita
1424 994 1582 1026 interdicto,
1597 994 1686 1019 donec
1704 994 1739 1020 ab
1754 994 1793 1020 eis
1807 994 1880 1021 facta
1894 994 1975 1021 fuerit
1990 1003 2031 1022 re-

1094 1027 1203 1054 stitutio
1216 1028 1343 1062 plenaria
1356 1028 1480 1054 omnium
1493 1028 1711 1063 praedictorum.

1507 1098 1580 1118 CAP.
1595 1099 1624 1118 11.

1093 1132 1209 1151 Ecclesiae
1220 1132 1325 1152 dimissae
1336 1138 1381 1151 nou
1391 1133 1486 1152 debetur
1496 1133 1606 1152 canonica
1616 1133 1740 1157 portio‚sed
1751 1134 1881 1157 parochiali,
1892 1135 1914 1153 et
1924 1134 2030 1158 pluribus,

1093 1159 1112 1177 si
1130 1159 1176 1177 sint
1192 1158 1275 1183 plures.
1290 1169 1316 1172 —
1329 1160 1347 1181 ἓ.
1362 1160 1381 1177 1.
1400 1159 1427 1178 In
1441 1159 1491 1178 loco
1510 1160 1578 1178 etiam
1597 1160 1671 1178 minus
1690 1159 1795 1183 religioso
1813 1161 1885 1184 potest
1903 1166 1962 1180 nova
1980 1161 2032 1185 eligi

1353 1185 1473 1209 sepultura.
1501 1186 1529 1205 H.
1541 1185 1562 1204 d.
1572 1186 1694 1204 secundum
1705 1186 1771 1204 Zenz.

1512 1227 1612 1253 Idem.

1163 1269 1254 1303 Quum
1273 1269 1345 1304 quis,
1358 1269 1437 1295 cuius
1454 1270 1576 1296 maiores
1594 1275 1658 1296 sunt
1671 1271 1744 1296 soliti
1762 1271 1798 1297 ab
1814 1271 1929 1305 antiquo
1943 1272 1970 1297 in
1984 1272 2031 1297 ali-

1094 1312 1150 1337 qua
1171 1305 1291 1330 ecclesia
1313 1304 1434 1338 sepeliri,
1457 1313 1491 1330 ea
1513 1305 1631 1331 dimissa
1652 1305 1730 1339 eligit
1755 1306 1821 1332 alibi
1844 1306 2030 1340 sepulturam:

1094 1338 1229 1364 canonica
1241 1339 1333 1372 portio
1348 1339 1480 1365 dimissae
1494 1348 1550 1365 non
1560 1340 1679 1365 debetur
1690 1340 1835 1373 ecclesiae,
1847 1341 1898 1366 sed
1912 1341 1948 1366 illi
1963 1341 2031 1366 dun-

1093 1377 1178 1405 taxat,
1192 1373 1219 1398 in
1233 1382 1288 1407 qua
1301 1373 1346 1399 ille
1360 1373 1452 1399 officia
1470 1374 1614 1400 consuevit
1632 1375 1729 1400 audire
1743 1375 1845 1406 divina,
1859 1380 1887 1401 et
1900 1375 2030 1401 ecclesia-

1093 1407 1163 1433 stica
1184 1407 1310 1442 recipere
1333 1413 1518 1434 sacramenta.
1556 1409 1648 1442 Quum
1672 1409 1708 1434 ab
1730 1417 1774 1441 eo,
1797 1410 1843 1443 qui
1866 1409 1922 1435 duo
1947 1410 2033 1436 habet

1094 1441 1243 1474 domicilia,
1257 1451 1288 1468 se
1306 1443 1446 1468 collocans
1465 1443 1620 1477 aequaliter
1636 1443 1664 1469 in
1681 1449 1810 1477 utroque,
1824 1444 1852 1469 in
1868 1444 1930 1469 loco
1949 1446 2030 1470 tertio

1092 1476 1205 1510 eligitur
1217 1477 1370 1511 sepultura,
1385 1477 1589 1503 domiciliorum
1604 1478 1742 1504 ecclesiae
1759 1478 1903 1504 habebunt
1916 1479 1988 1505 inter
2001 1487 2031 1505 se

1093 1511 1219 1538 dividere
1230 1511 1393 1538 canonicam
1403 1512 1571 1546 portionem.
1592 1511 1614 1547 ξ.
1628 1521 1649 1538 1.
1664 1513 1692 1538 Si
1703 1513 1775 1547 quis,
1781 1513 1897 1547 antiqua
1908 1513 2031 1547 dimissa,

1094 1624 1158 1645 casu,
1169 1617 1267 1648 [quum]
1274 1625 1323 1640 non
1334 1617 1538 1641 rationenaturali
1548 1625 1593 1641 nec
1603 1618 1765 1649 promulgatis
1775 1618 1941 1642 sanctionibus
1947 1626 2031 1643 eomm

1093 1651 1207 1674 fulciatur
1219 1652 1303 1683 opinio
1316 1660 1366 1675 non
1379 1652 1508 1676 videbatur
1520 1653 1675 1684 aliquatenus
1687 1653 1878 1677 adhaerendum.
1917 1654 2031 1685 Proposi-

1093 1689 1145 1709 tum
1158 1686 1257 1717 insuper
1269 1687 1368 1715 exstitit,
1386 1687 1452 1718 quod
1463 1688 1561 1718 [quum]
1572 1688 1596 1710 in
1606 1687 1746 1711 huiusmodi
1761 1688 1975 1711 substitutionibus
1989 1697 2030 1712 vo-

1092 1720 1173 1744 luntas
1186 1721 1365 1744 consideranda
1377 1726 1439 1745 esset
1453 1722 1621 1753 principaliter
1630 1722 1759 1751 testatoris,
1777 1722 1835 1745 satis
1852 1723 1974 1754 praesumi
1987 1731 2030 1754 po-

1092 1758 1162 1783 terat,
1184 1756 1251 1786 quod
1268 1755 1391 1788 praefatus
1410 1756 1533 1779 Iohannes
1551 1757 1575 1779 in
1593 1757 1665 1780 bonis
1682 1757 1730 1780 suis
1748 1757 1824 1780 filiam
1841 1757 1910 1780 uxori
1927 1757 2029 1781 voluerit

1096 1790 1222 1819 anteferre,
1239 1791 1345 1814 maxime
1362 1799 1438 1822 quum
1451 1799 1480 1814 eo
1493 1799 1557 1819 casu,
1574 1791 1616 1821 [si]
1626 1791 1739 1815 videlicet
1756 1792 1809 1822 ipsa
1826 1792 1878 1815 sola
1890 1792 1941 1815 filia
1954 1800 2031 1815 rema-

1091 1828 1159 1848 neret
1173 1830 1301 1856 superstes,
1316 1825 1397 1855 legata
1407 1825 1487 1849 eidem
1499 1826 1569 1849 uxori
1583 1826 1686 1849 multum
1700 1826 1724 1849 in
1737 1830 1884 1850 testamento
1894 1827 2027 1855 adauxerit,

1092 1863 1115 1882 et
1129 1859 1234 1890 amplius
1244 1860 1319 1883 etiam
1331 1860 1350 1883 si
1364 1864 1466 1891 uterque
1479 1860 1585 1884 filiorum
1599 1860 1651 1884 sine
1661 1860 1743 1884 liberis
1754 1865 1894 1884 moreretur.
1913 1861 1985 1884 Circa
1994 1862 2030 1885 ul-

1091 1893 1178 1917 timam
1188 1902 1286 1926 quoque
1296 1894 1495 1918 substitutionem
1505 1903 1553 1926 qua
1567 1895 1632 1918 idem
1644 1895 1766 1918 Iohannes
1778 1895 1823 1918 sibi
1834 1903 1952 1927 pauperes
1962 1896 2030 1919 here-

1091 1928 1134 1951 des
1148 1929 1251 1952 instituit
1265 1929 1284 1952 si
1298 1929 1390 1960 absque
1403 1929 1486 1953 liberis
1502 1934 1604 1960 uterque
1617 1929 1745 1953 decederet
1760 1929 1865 1953 tiliorum
1878 1931 2031 1961 propositum

1091 1963 1181 1986 exstitit
1199 1963 1260 1986 illud
1274 1964 1347 1991 idem,
1364 1965 1430 1994 quod
1443 1972 1599 1995 nequaquam
1616 1968 1677 1988 esset
1695 1965 1726 1988 ad
1744 1964 1960 1988 fideicommissum
1977 1965 2032 1988 talis

1091 1998 1232 2021 substitutio
1245 1999 1415 2029 pei-trahenda.
1449 1999 1515 2022 Nam
1528 1999 1584 2022 licet
1599 1999 1661 2022 filius
1674 1999 1699 2022 in
1712 2007 1756 2022 suo
1769 2003 1915 2022 testamento
1929 2004 2031 2023 matrem

1091 2032 1203 2063 portione
1216 2033 1262 2055 sibi
1276 2033 1327 2056 iure
1340 2037 1441 2056 naturae
1453 2033 1478 2056 in
1491 2033 1562 2056 bonis
1575 2033 1640 2057 illius
1652 2034 1736 2057 debita
1748 2034 1844 2065 privare
1856 2042 1905 2058 non
1919 2035 1994 2065 possit
2008 2038 2031 2057 et

1091 2070 1161 2097 pater
1177 2070 1259 2090 tamen
1276 2067 1301 2090 in
1317 2071 1464 2091 testamento
1482 2068 1548 2099 quod
1566 2067 1617 2091 filio
1634 2068 1755 2099 impuberi
1773 2068 1837 2097 facit,
1864 2073 1952 2100 potest,
1973 2069 2031 2100 quia

1091 2101 1231 2124 huiusmodi
1249 2102 1371 2133 pupillare
1387 2106 1561 2125 testamentum
1579 2106 1707 2134 paternum
1725 2103 1763 2126 vel
1781 2111 1836 2134 pars
1858 2104 1952 2134 patenti
1974 2112 2028 2126 cen-

1090 2139 1162 2159 setur.
1204 2136 1235 2159 Et
1253 2137 1272 2159 si
1286 2136 1340 2167 quis
1356 2136 1413 2159 filiis
1430 2137 1479 2160 suis
1496 2137 1664 2168 impuberibus
1681 2137 1852 2160 exsistentibus
1869 2138 1893 2160 in
1910 2142 2031 2169 potestate

1091 2170 1229 2193 constitutis
1242 2170 1372 2194 heredibus
1385 2179 1504 2202 pauperes
1514 2171 1552 2194 vel
1566 2171 1627 2194 alios
1639 2172 1694 2199 sibi,
1711 2172 1729 2194 si
1744 2172 1786 2195 filii
1800 2172 1863 2195 intra
1876 2173 2029 2203 pubertatem

1091 2205 1129 2227 vel
1143 2205 1194 2228 sine
1207 2205 1290 2228 liberis
1303 2206 1444 2235 moriantur,
1466 2205 1567 2229 heredes
1584 2206 1687 2229 instituit
1705 2211 1728 2230 et
1747 2206 1802 2229 illos
1819 2207 1910 2230 eisdem
1933 2207 1988 2230 filiis
2005 2212 2027 2230 et

1090 2247 1135 2270 pro
1153 2243 1219 2263 certo
1241 2240 1393 2263 substituisse
1414 2240 1517 2264 ridetur.
1567 2241 1738 2264 Adiiciebatur
1754 2241 1836 2270 etiam,
1867 2242 1932 2272 quod
1953 2250 2029 2272 quum

1091 2273 1155 2296 idem
1182 2274 1305 2297 lohannes
1327 2275 1351 2297 iu
1370 2275 1441 2298 bonis
1459 2275 1508 2298 suis
1527 2283 1646 2306 pauperes
1665 2275 1711 2298 sibi
1732 2276 1895 2299 constituisset
1917 2276 2025 2304 heredes,

1090 2308 1109 2331 si
1128 2308 1179 2331 eius
1196 2308 1239 2331 filii
1261 2309 1354 2340 absque
1376 2309 1459 2332 liberis
1480 2313 1632 2333 morerentur
1649 2314 1671 2333 et
1689 2310 1723 2333 sic
1741 2311 1771 2333 ad
1789 2311 1842 2341 pias
1859 2318 1942 2334 causas
1964 2311 2029 2333 bona

1090 2342 1230 2366 huiusmodi
1243 2343 1388 2374 reliquisset,
1408 2344 1531 2367 debebant
1549 2344 1580 2367 de
1596 2344 1648 2368 iure
1660 2345 1691 2368 ad
1710 2353 1828 2376 pauperes
1846 2345 1911 2376 ipsos
1924 2345 1975 2368 sine
1987 2345 2028 2368 ‹le-

1090 2377 1205 2400 ductione
1218 2378 1300 2409 aliqua
1313 2378 1446 2409 pervenire.
1474 2378 1540 2402 Illud
1553 2383 1635 2402 autem
1649 2379 1714 2410 quod
1728 2379 1834 2410 positum
1848 2379 1945 2407 exstitit,
1962 2380 2028 2410 quod

1090 2411 1144 2442 quis
1165 2412 1239 2435 etiam
1261 2416 1316 2443 post
1338 2413 1474 2443 ingressum
1497 2414 1671 2437 monasterium
1696 2414 1783 2437 debeat
1806 2414 1868 2436 inter
1889 2414 1952 2436 tilios
1973 2422 2029 2437 suos

1089 2446 1206 2475 dividere,
1223 2447 1279 2470 ideo
1292 2447 1335 2470 fuit
1349 2451 1467 2471 statutum
1479 2456 1494 2471 a
1507 2448 1565 2476 iure,
1581 2456 1612 2471 ne
1629 2448 1663 2471 sic
1680 2448 1818 2478 ingrediens
1835 2452 1900 2471 metu
1917 2448 1954 2471 rel
1972 2456 2028 2479 sug-

1089 2481 1200 2511 gestione
1221 2481 1335 2505 inductus
1357 2481 1420 2505 filios
1441 2482 1513 2506 bonis
1530 2483 1578 2506 suis
1600 2483 1708 2506 totaliter
1728 2482 1911 2511 defraudarem).
1941 2482 2028 2505 Sermo

1089 2523 1147 2538 vero
1158 2516 1311 2546 Augustinus
1321 2517 1498 2540 extendebatur
1510 2517 1541 2540 ad
1552 2517 1622 2546 filios,
1639 2525 1688 2540 non
1701 2517 1785 2548 utiquc
1799 2517 1828 2539 ad
1846 2521 1965 2548 parentes,
1983 2525 2027 2540 nec

1090 2554 1238 2574 memoratus
1261 2550 1384 2574 Iohannes
1409 2559 1465 2575 suos
1489 2560 1533 2583 per
1553 2551 1600 2575 boc
1622 2551 1781 2575 exheredasse
1804 2551 1866 2574 filios
1888 2551 2023 2580 videbatur,

1089 2592 1164 2616 quum
1178 2589 1201 2608 et
1215 2585 1340 2609 instituere
1350 2585 1415 2617 ipsos
1426 2586 1471 2609 sibi
1485 2590 1507 2609 et
1521 2586 1556 2609 eis
1569 2594 1694 2617 pauperes,
1709 2586 1769 2609 sicut
1784 2586 1828 2616 ipsi
1841 2586 1872 2608 de
1887 2586 1936 2609 iure
1949 2586 2024 2614 licuit,

1089 2619 1191 2643 heredes
1212 2620 1358 2644 substituere
1379 2621 1518 2644 curavisset.
1563 2622 1720 2651 Quamquam
1742 2624 1765 2643 ct
1787 2620 1851 2643 idem
1876 2621 1939 2650 Aug.
1965 2620 2026 2644 sicut

1089 2654 1228 2685 praedictus
1241 2662 1321 2678 sermo
1334 2655 1442 2678 continet
1456 2655 1486 2678 ad
1500 2655 1536 2678 ius
1549 2655 1599 2686 poli
1613 2659 1635 2678 ct
1650 2663 1698 2677 non
1710 2654 1754 2677 fori
1765 2658 1901 2685 respectum
1914 2654 2026 2678 habuerit

1090 2688 1114 2711 in
1132 2688 1177 2712 hac
1194 2693 1270 2720 parte,
1290 2697 1336 2713 nec
1353 2690 1481 2721 oportebat
1500 2689 1622 2720 praefatae
1639 2689 1728 2712 nobilis
1747 2689 1797 2711 iure
1814 2689 1865 2719 poli
1878 2689 1915 2712 vel
1929 2689 2027 2720 pietatis

1089 2723 1191 2747 obtentu
1208 2723 1300 2755 aliquid
1318 2724 1420 2755 erogari,
1442 2732 1516 2755 quum
1535 2732 1563 2747 ex
1581 2723 1674 2754 legatis,
1695 2731 1724 2746 ex
1742 2723 1799 2746 dote
1816 2723 1878 2746 inter
1895 2723 1954 2746 alias
1971 2732 2026 2754 pro-

1089 2757 1183 2781 vinciae
1196 2758 1291 2781 nobiles
1305 2759 1437 2790 plurimum
1450 2758 1592 2782 alumdarct.
1619 2758 1672 2780 Nos
1683 2757 1755 2787 igitur
1764 2757 1903 2788 praemissis
1913 2758 2026 2782 omnibus

1089 2792 1219 2816 intellectis
1231 2793 1368 2824 praefatam
1381 2797 1403 2816 et
1417 2793 1526 2816 nobilem
1539 2797 1561 2816 et
1576 2797 1738 2816 memoratum
1756 2792 1830 2823 ipsius
1844 2797 2025 2823 procuratorem

1089 2827 1140 2850 eius
1153 2827 1252 2851 nominc
1265 2827 1295 2850 ad
1310 2827 1490 2858 praedictorum
1507 2827 1629 2850 bonorum
1645 2826 1755 2850 omnium
1773 2834 1835 2857 quac
1848 2826 1942 2851 fuerunt
1957 2835 2026 2858 prae-

1089 2861 1131 2884 fati
1143 2861 1261 2885 Iohannis
1271 2866 1293 2885 et
1308 2862 1359 2885 cius
1372 2862 1443 2890 filiae,
1461 2862 1484 2884 in
1498 2861 1586 2892 quibus
1597 2865 1619 2884 ct
1633 2861 1698 2884 bona
1711 2861 1843 2892 supradicti
1855 2860 1898 2884 filii
1912 2861 2025 2892 iutelligi-

1089 2903 1143 2919 mus
1163 2896 1346 2928 comprehendi,
1367 2896 1545 2920 restitutionem
1565 2895 1658 2919 eisdem
1678 2895 1860 2919 exsecutoribus
1875 2895 1968 2927 absque
1984 2896 2026 2920 de-

1089 2930 1205 2954 ductione
1226 2931 1335 2962 qualibet
1357 2931 1408 2954 sive
1433 2930 1518 2954 tertiae
1540 2930 1591 2953 iure
1612 2934 1712 2953 naturae
1733 2929 1831 2953 debitae
1851 2930 1902 2954 sive
1926 2934 2027 2962 quartae

1089 2965 1285 2989 Trebellianicae
1309 2965 1403 2995 integre
1427 2964 1564 2988 faciendam
1589 2964 1620 2988 dc
1641 2964 1657 2988 s.
1682 2972 1705 2988 n.
1730 2972 1750 2988 c.
1776 2965 1952 2989 sententialiter
1968 2973 2026 2989 con-

1089 2999 1242 3024 demnamus.
1283 2999 1353 3023 Nulli
1365 3007 1424 3031 crgo
1437 3002 1482 3023 etc.
1498 3002 1595 3023 nostrae
1607 2999 1743 3023 sententiae
1755 3002 1801 3024 etc.

1692 3142 1748 3170 66*
