2243 3288
146 216 195 244 781
496 213 705 242 DECRETAL.
725 213 889 242 GREGOR.
909 214 954 241 IX.
974 214 1040 241 LIB.
1059 213 1093 241 V.

146 294 281 325 credentes,
293 292 344 318 siue
354 291 471 326 perfecti,
488 301 532 318 seu
543 293 735 327 quibuscunque
746 293 927 327 superstitiosis
940 292 1083 319 nominibus

146 331 331 362 nuncupentur,
348 327 426 352 simili
441 328 599 353 decernimus
615 329 755 353 sententiae
766 329 904 353 subiacere.
944 328 1010 357 Quia
1024 337 1081 353 vero

142 363 256 396 peccatis
272 362 425 394 exiyentibus
442 362 595 396 quandoque
608 363 739 395 cmztinyit,
757 367 783 387 ut
795 363 916 388 seueritas
929 363 1080 387 ecclesiasti-

146 405 192 423 cae
203 396 351 429 dzleczptz'nae
368 396 400 421 ab
416 396 462 427 his,
481 397 526 429 qui
541 397 655 422 virtutem
669 398 722 422 eius
737 406 789 422 non
802 397 952 429 intelliyunt,
971 401 1080 422 contem-

144 435 235 462 natur,
266 430 408 456 Praesenti
432 430 612 456 nihilominus
637 431 811 457 ordinatione
836 431 975 456 sancimus
984 431 1016 463 1¹³,
1041 436 1080 463 ut,

147 465 304 499 quicunque
317 464 466 490 manifeste
480 464 582 491 fuerint
595 466 622 491 in
634 465 775 492 haeresi²0
792 465 972 499 deprehensi,
989 466 1012 491 si
1026 466 1080 492 cle-

144 500 216 525 ricus
234 504 277 524 est
294 498 339 524 vel
357 499 506 525 cuiuslibet
524 500 666 533 religionis
681 500 896 526 obumbratione
914 499 1079 532 sucatus²1·‚

145 533 260 559 totius22
280 533 462 559 ecclesiastici
486 533 590 559 ordinis
613 535 810 568 praerogativa
834 534 963 566 nudetur,
988 539 1016 560 et
1041 535 1080 560 sic

145 567 249 594 omni²³
270 568 370 600 pariter
392 567 484 593 officio
507 572 535 594 et
556 568 694 594 beneficio
717 569 852 602 spoliatus
879 569 1079 601 ecclesiastico,

145 601 294 628 saecularis
319 601 493 635 relinquatur
513 603 629 628 arbitrio
654 603 813 636 potestatis,
837 603 1080 629 animadversione

144 636 239 662 debita
252 636 419 670 punienduS,
430 637 482 662 nisi
493 637 624 662 continuo
638 642 702 671 post
714 637 968 671 deprehensionem
979 638 1079 663 erroris

144 670 180 696 ad
197 670 262 696 fidei
280 670 434 696 catholicae
452 671 587 697 unitatem
609 677 711 705 sponte
732 680 884 704 recurrere,
906 676 935 697 et
956 680 1080 698 errorem

142 713 224 731 suum
247 705 284 730 ad
307 705 452 731 arbitrium
477 705 602 740 episcopi
627 706 749 739 regionis
774 706 885 740 publice
907 707 1081 732 consenserit

143 739 280 771 abiurare,
297 744 326 765 et
339 739 559 766 satisfactionem
573 748 727 773 congruam
744 741 886 766 exhibere.
922 741 1020 767 Laicus
1033 750 1080 767 au-

142 778 208 806 tem,
221 782 293 808 quem
306 774 394 807 aliqua
405 775 599 807 praedictaruln
611 775 719 808 pestium
729 776 832 800 notoria
843 776 880 800 uel
890 776 994 808 prii-ata
1004 777 1080 809 culpa

141 809 300 841 resperserit,
318 808 380 840 nisi,
399 813 482 842 prout
500 809 604 834 dictum
621 814 674 841 est,
691 809 819 835 abiurata
836 810 945 835 haeresi
960 815 987 835 et
1001 811 1080 835 satis-

143 842 265 868 factione
279 842 401 869 exhibita
413 843 561 869 confestim
572 843 609 868 ad
623 843 708 869 fidem
718 843 875 877 confugerit
885 844 1080 876 orthodoxam,

141 877 291 903 saecularis
313 877 411 903 iudicis
433 877 546 903 arbitrio
569 878 751 911 relinquatur,
774 878 898 904 debitam
916 884 1079 913 recepturus

142 920 193 946 pro
212 911 347 945 qualitate
365 911 494 937 facinoris
512 912 655 938 ultionem.
684 913 729 946 (Et
742 913 866 945 infra:)²4
894 913 947 946 Qui
960 921 1026 939 vero
1041 913 1079 939 in-

141 946 217 972 venti
230 946 333 971 fuerint
347 946 407 971 sola
420 947 542 971 ecclesiae
555 947 715 980 suspicione
729 947 879 979 notabiles,
892 947 944 973 nisi
958 948 994 973 ad
1008 948 1079 973 arbi-

143 980 225 1006 trium
248 980 374 1014 episcopi
400 980 476 1006 iuxta
497 980 752 1007 considerationem
774 982 940 1015 suspicionis
963 982 1079 1015 qualita-

141 1019 256 1048 temque
269 1023 408 1049 personae
421 1015 563 1049 propriam
577 1016 765 1041 innocentiam
776 1024 899 1049 congrua
912 1017 1080 1050 purgatione

141 1049 366 1082 monstraverint,
377 1049 459 1075 simili
471 1049 628 1076 sententiae
639 1050 832 1076 subiacebunt.
850 1051 915 1076 Illos
927 1059 1040 1084 quoque
1047 1051 1079 1083 ²5,

142 1084 189 1118 qui
202 1088 267 1118 post
279 1084 484 1110 abiurationem
497 1084 609 1117 erroris,
622 1085 676 1116 vel,
690 1089 839 1118 postquam
854 1093 893 1117 se,
907 1090 937 1110 ut
950 1085 1079 1117 diximus,

140 1119 246 1152 proprii
263 1118 395 1144 antistitis
409 1119 613 1145 examinatione
630 1120 820 1152 purgaverint,
838 1119 1008 1153 deprehensi
1021 1120 1079 1146 sue—

140 1153 195 1178 rint
213 1152 241 1178 in
253 1152 410 1178 abiuratam
427 1153 568 1179 haeresim
585 1153 728 1185 recidisse,
747 1154 883 1179 saeculari
902 1154 1004 1179 iudicio
1019 1155 1079 1180 sine

142 1187 199 1212 ulla
219 1187 331 1221 penitus
353 1187 495 1213 audientia
520 1187 726 1213 decernimusz’ss
750 1188 961 1222 relinquendos,
985 1189 1080 1220 ÷bonis

139 1222 322 1247 damnatorum
339 1223 491 1247 clericorum
504 1223 624 1254 ecclesiis,
642 1223 731 1255 quibus
744 1223 924 1255 desert-iebant,
942 1224 1079 1248 secundum

140 1257 286 1282 sanctiones
304 1257 430 1289 leqitimas
442 1257 612 1290 applicandis.
649 1260 721 1283 *sone
736 1258 894 1290 praedictum
909 1258 1079 1282 exronmnmz’-

140 1291 249 1316 cationis
261 1292 419 1321 sententiam,
437 1292 479 1316 cui
495 1300 581 1316 omnes
598 1292 738 1316 haereticos
754 1293 928 1325 praetupimus
940 1292 1079 1323 sublucere,

139 1325 172 1350 ab
185 1325 301 1350 omnibus
310 1326 476 1359 patriarchis,
487 1326 685 1359 archiepiscopis
695 1331 717 1351 et
730 1327 854 1359 episcopis
861 1326 883 1344 ²7
897 1327 923 1351 in
932 1327 1081 1359 praecipuis

139 1359 325 1392 festivitatibus,
339 1364 362 1385 et
374 1361 471 1394 quoties
483 1361 648 1385 solennitates
659 1361 793 1385 habuerint
808 1362 845 1386 cel
857 1370 871 1394 q
877 1362 1024 1385 uamlibet²³
1037 1369 1078 1385 oc-

139 1395 274 1426 casionem,
289 1396 323 1419 ad
333 1396 445 1427 =(Jloriam
459 1395 512 1420 Dei
522 1400 544 1419 et
558 1395 775 1428 reprehensionem
793 1396 934 1420 haereticae
944 1395 1081 1428 pravitatis

140 1430 298 1454 decernimus
311 1429 439 1461 innovari,
453 1430 606 1454 anctoritate
618 1430 761 1462 apostolica
773 1434 920 1461 statuentes,
937 1434 973 1461 nt,
990 1430 1014 1455 si
1024 1430 1081 1463 quis

139 1464 169 1488 de
182 1464 271 1488 ordine
283 1464 460 1496 episcoporum
474 1464 499 1488 in
512 1464 549 1488 his
561 1465 690 1496 neptiqens
703 1463 780 1495 fuerit
794 1465 832 1489 rel
844 1465 982 1489 desidiosus
996 1465 1081 1489 int-en-

139 1503 186 1529 tus,
197 1507 246 1531 per
259 1499 414 1523 triennaleffl
431 1499 541 1531 spatium
556 1498 588 1523 ab
601 1499 744 1531 episcopali
754 1499 877 1523 habeatur
889 1499 1040 1531 ‹Iz'ym'tateffl›
1057 1503 1080 1524 et

139 1533 360 1558 administratione
376 1542 522 1565 suspensus.
563 1534 606 1558 Ad
621 1533 710 1558 haec31
731 1534 761 1557 de
777 1533 919 1566 episcopali
935 1533 1041 1558 consilio
1058 1537 1081 1558 et

138 1568 298 1600 suchstione
314 1568 434 1592 culminis
451 1567 591 1600 imperialis
608 1572 630 1591 et
647 1568 795 1600 principum
816 1568 869 1592 eius
887 1568 1032 1599 adiecimus,
1054 1571 1082 1592 ut

140 1602 240 1635 quilibet
259 1602 464 1635 archiepiscopus
478 1602 515 1627 rel
531 1602 664 1634 episcopus
674 1610 722 1634 per
734 1611 768 1633 se,
784 1603 821 1627 oet
834 1602 1080 1633 arch{diaconion32,

138 1645 238 1667 suuum,
258 1641 302 1661 aut
316 1645 366 1669 per
379 1637 446 1661 alias
458 1637 575 1661 honestas
588 1637 741 1669 idoneasque
753 1645 886 1670 personas,
906 1637 942 1661 bis
954 1637 993 1661 vel
1004 1637 1081 1661 semel

138 1672 165 1696 in
178 1680 247 1696 anno
259 1672 395 1704 propriam
409 1671 566 1703 parochiam,
581 1671 605 1695 in
620 1680 669 1704 qua
682 1671 755 1702 suma
767 1671 846 1703 fuerit
859 1671 998 1696 haereticos
1010 1671 1079 1696 habi-

139 1710 202 1737 tare,
225 1706 371 1736 circzuneot,
394 1710 416 1730 ct
438 1706 472 1730 ibi
492 1710 543 1730 tres
560 1706 598 1730 vel
615 1706 705 1738 plures
723 1706 783 1730 boni
798 1706 933 1731 testimonii
948 1705 1024 1736 viros,
1043 1706 1080 1730 cel

140 1741 229 1771 etium,
251 1741 275 1765 si
293 1740 411 1773 expedire
432 1740 563 1772 videbitur,
585 1744 664 1765 totam
687 1740 804 1765 m'ciniam
826 1741 913 1765 iurare
934 1741 1078 1773 compellat,

138 1775 214 1808 quod,
233 1775 256 1799 si
268 1775 323 1807 quis
337 1775 423 1799 ibidem
438 1775 577 1799 haereticos
589 1775 674 1799 scierit
693 1775 730 1799 rel
743 1775 844 1808 aliquos
857 1775 958 1799 occulta
971 1783 1078 1799 concen-

139 1810 218 1834 ticula
237 1809 401 1839 celebrantes,
419 1818 462 1833 seu
476 1818 492 1834 a
505 1809 634 1833 communi
651 1809 843 1834 conversatione
858 1809 971 1843 fidelium
989 1809 1039 1834 vita
1057 1813 1079 1834 et

139 1844 251 1868 moribus
261 1844 416 1874 dissidentes,
427 1852 470 1867 eos
480 1844 597 1876 episcopo
610 1844 647 1868 rel
657 1844 837 1869 archidiacono
847 1844 945 1868 studeat
956 1843 1078 1868 indicare.

139 1879 285 1911 Episcopus
302 1882 385 1902 autem
404 1878 470 1902 vet³³
487 1878 683 1903 ‹achidiacunus
696 1879 730 1903 ad
744 1879 919 1911 praesentiam
931 1886 1004 1903 suam
1019 1887 1079 1903 con-

140 1917 208 1937 vocet
230 1917 374 1943 accusatos,
397 1912 447 1946 qui,
470 1913 520 1937 nisi
539 1922 566 1937 se
582 1913 617 1937 ad
634 1920 720 1937 eorum
738 1913 873 1937 arbitrium
891 1913 962 1937 iuxta
977 1913 1080 1945 patriae

139 1947 345 1972 consuetudinem
360 1947 392 1971 ab
406 1947 500 1972 obiecto
514 1951 585 1972 reatu
596 1948 772 1980 puryaverint,
787 1948 832 1977 rel,
846 1948 869 1972 si
876 1951 936 1980 post
947 1947 1079 1980 puryalio-

138 1991 194 2007 nem
205 1982 337 2006 erhibitam
349 1982 373 2005 in
384 1982 521 2014 pristinam
533 1981 631 2014 relapsi
637 1981 733 2013 fuerint
745 1982 890 2015 perfidiam,
903 1982 1079 2014 episcoporum

139 2017 231 2041 izulicio
248 2017 397 2049 puniantur.
434 2016 466 2041 Si
482 2017 526 2048 qui
542 2025 599 2040 cero
622 2025 652 2040 ea:
669 2016 712 2047 eis,
735 2016 886 2041 iurationem
903 2017 1080 2049 superstitione

139 2051 282 2076 damnabili
294 2055 447 2083 respuentes,
461 2051 549 2075 iurare
561 2049 629 2082 forte
642 2051 778 2083 noluerint,
792 2059 822 2075 ez
834 2051 881 2075 hoc
893 2051 948 2083 ipso
961 2051 1082 2075 haeretici

138 2086 290 2116 iudicentur,
316 2090 338 2110 et
360 2085 458 2118 poenis,
483 2093 549 2118 quae
570 2085 784 2118 praenominatae
807 2090 875 2117 sunt,
894 2086 1079 2118 percellantur.

140 2120 294 2146 Statuimus
308 2120 431 2153 insuper,
451 2124 478 2144 ut
492 2119 619 2151 comites,
633 2119 793 2152 barones-⁰²⁴,
806 2124 929 2145 rectores
944 2119 1001 2145 et3‘0
1014 2127 1078 2145 con—

140 2155 214 2180 sules
233 2154 376 2180 civitatum
394 2159 422 2179 et
444 2154 563 2179 aliorum
581 2154 715 2186 locorum,
738 2154 813 2179 iuxta
831 2153 1079 2179 commonitionem

138 2190 387 2222 archiepiscoporum
402 2193 424 2213 et
438 2188 643 2222 episcoporum,
664 2189 799 2221 praestito
814 2188 996 2222 corporaliter
1009 2188 1079 2213 iura-

139 2228 235 2250 mento
255 2223 426 2257 promittant,
446 2223 523 2256 quod
541 2223 565 2248 in
584 2223 700 2248 omnibus
719 2223 859 2256 praedictis
881 2222 1029 2248 fidelite1·3⁴‘
1052 2227 1079 2248 et

139 2258 300 2290 efficaciter,
323 2266 408 2291 quum
427 2257 462 2283 ab
482 2257 521 2283 eis
540 2257 629 2282 exinde
650 2257 752 2283 suerint
771 2257 907 2290 requisiti,
930 2257 1079 2283 ecclesiam

140 2298 236 2318 contra
249 2293 408 2318 haereticos
419 2296 447 2317 et
458 2300 554 2317 eorum
565 2291 716 2325 complices
728 2291 901 2317 adiuvabunt
911 2296 933 2316 et
946 2292 1079 2316 studebunt

138 2327 213 2353 bona
230 2327 286 2353 fide
305 2327 380 2352 iuxta
399 2326 523 2352 officium
536 2331 564 2352 et
581 2334 667 2360 posse
685 2334 766 2351 suum
779 2327 951 2351 ecclesiastica
963 2326 1040 2351 simul
1057 2330 1079 2351 et

139 2362 269 2395 imperiali
283 2366 380 2386 statuta
399 2362 468 2386 circa
486 2370 526 2393 ea,
545 2370 610 2393 quac
631 2361 748 2390 diximus,
771 2361 927 2385 exsecutioni
947 2361 1079 2386 mandare.

139 2396 168 2422 Si
189 2404 255 2422 vero
279 2396 335 2421 id³⁷
358 2396 509 2421 observare
531 2395 679 2427 noluerint,
701 2395 817 2427 honore,
840 2403 924 2428 quem
942 2394 1079 2426 obtinent,

139 2431 295 2465 spolientur
308 2435 336 2456 et
349 2430 384 2456 ad
398 2431 467 2456 alios
482 2429 640 2455 nullatenus
654 2434 839 2461 assumantur,
858 2429 898 2455 eis
905 2430 930 2447 ³⁵
942 2429 1079 2454 nihilomi-

139 2474 191 2491 nus
206 2465 494 2491 excommunicatione
509 2463 637 2496 ligandis,
656 2468 684 2489 et
698 2464 777 2489 terris
791 2464 915 2497 ipsorum
930 2463 1078 2489 interdicto

141 2500 277 2525 ecclesiae
292 2499 495 2533 supponendis.
526 2498 630 2524 Civitas
648 2502 751 2530 autem,
766 2506 838 2531 quae
855 2498 898 2523 his
912 2498 1080 2523 decretalibus

139 2534 273 2560 institutis
287 2534 396 2559 duxerit
409 2532 608 2564 resistendum,
625 2533 669 2558 vel
688 2538 785 2558 contra
803 2532 1080 2558 commonitionem*-⁵⁹

138 2569 264 2602 episcopi
283 2569 381 2607 punire
399 2567 554 2601 neglexerit
571 2567 745 2599 resistenteS,
763 2567 879 2592 aliarum
898 2571 991 2592 careat
1004 2574 1078 2592 com-

142 2603 246 2629 mercio
266 2604 418 2634 clvitatum,
436 2607 464 2628 et
482 2601 636 2635 episcopali
656 2610 686 2626 se
700 2601 808 2626 noverit
822 2601 957 2634 dignitate
971 2601 1079 2634 privan-

141 2637 215 2663 dam.
251 2638 370 2669 'TOmnes
388 2638 462 2662 etiam
480 2636 597 2668 lautores
614 2636 798 2660 haereticorum
816 2640 938 2669 tanquam
954 2640 1080 2669 perpetua

139 2672 249 2703 infamia
263 2673 452 2703 condemnatos,
464 2671 496 2696 ab
507 2671 673 2695 advocatione
683 2675 705 2695 et
718 2670 858 2695 testimonio
869 2674 891 2694 ct
902 2670 960 2694 aliis
971 2670 1079 2702 publicis

139 2706 226 2766 ugficiis
238 2707 396 2732 decernimus
402 2706 426 2723 ⁴¹)
439 2706 605 2739 repellendos,
625 2704 653 2729 Si
666 2704 713 2737 qui
727 2712 794 2729 vero
805 2703 916 2736 fuerint,
929 2704 976 2737 qui
989 2703 1040 2729 ale
1063 2712 1078 2729 e

161 2741 326 2767 ioecesanae
351 2740 549 2766 iurisdictionis
574 2738 711 2772 exempti,
738 2738 790 2764 soli
815 2738 978 2764 subiaceant
1003 2746 1033 2764 se
1056 2739 1078 2764 is

140 2775 312 2809 apostolicae
330 2775 474 2809 potestati,
491 2774 670 2800 nihilominus
684 2773 712 2798 in
725 2773 777 2805 his,
797 2781 869 2806 quae
882 2773 1001 2806 superius
1014 2777 1079 2798 sunt

191 2879 243 2899 Tit.
258 2879 307 2899 vn.
335 2880 396 2903 Cap.
411 2878 448 2898 IX.
477 2878 510 2899 19)
521 2878 671 2897 decrevimus:
687 2876 715 2896 Ab
742 2877 775 2901 20)
785 2876 918 2900 supradictis
929 2877 1055 2896 erroribus:
1066 2876 1081 2895 A

140 2904 173 2928 21)
184 2906 293 2924 fuscatus:
306 2904 445 2924 mmmm-1.-
484 2905 517 2928 22)
528 2907 549 2923 et
560 2907 612 2923 tot.:
627 2903 652 2922 A(
661 2902 726 2921 ltu-ht.
763 2902 797 2926 23)
808 2903 932 2921 communi:
946 2901 975 2921 Ab
1010 2902 1044 2925 24)
1054 2903 1082 2921 Et

141 2931 180 2950 inf.
200 2936 233 2955 ap.
249 2931 317 2950 solum
332 2930 413 2954 (ἔναιον.
429 2931 550 2954 lcaunturz:
564 2931 633 2954 5⁰1¹]st
657 2929 699 2952 Qui
715 2934 767 2947 vero
783 2942 788 2947 .
799 2941 804 2946 .
815 2941 820 2947 .
835 2928 995 2947 subiacebunt:
1014 2927 1082 2947 deest:

142 2956 228 2976 ΟΙΙιἸιΜ
289 2958 323 2979 25)
333 2959 420 2976 autem:
431 2956 447 2975 A
513 2956 546 2979 26)
561 2955 713 2974 dccx-evimus:
729 2953 787 2973 LaAb
848 2955 882 2977 27)
897 2959 943 2977 (ψη
958 2953 1026 2973 deest.-
1040 2953 1082 2973 Aac

141 2981 176 3005 28)
190 2983 285 3006 ιιυωηΜ
300 2982 369 3002 deest:
382 2982 411 3001 Ab
451 2982 485 3006 29)
496 2982 633 3001 tricennale:
648 2981 674 2999 ib.
715 2980 748 3004 30)
759 2980 902 2999 auctoritate:
918 2979 944 2998 ib.
984 2979 1017 3003 31)
1029 2979 1082 2999 hoc:

141 3007 184 3026 Aac
227 3008 260 3032 32)
270 3014 310 3032 per
318 3009 416 3028 archid-z
430 3007 459 3027 Ab
494 3008 527 3030 33)
538 3013 588 3026 seu:
602 3006 644 3026 Aac
679 3007 712 3026 34)
723 3008 745 3025 ct
755 3006 844 3025 baron-z
859 3005 887 3024 Ab
923 3005 956 3027 35)
966 3007 999 3024 ot:
1014 3005 1081 3025 deest.-

147 3032 202 3052 Aabc
236 3034 269 3058 36)
281 3035 379 3054 fortiter:
394 3034 418 3053 Al
453 3033 486 3058 37)
497 3034 531 3053 id:
547 3033 614 3052 deest:
629 3032 657 3051 Ab
698 3032 731 3055 38)
742 3032 889 3050 nihilomiuus
903 3031 1082 3050 excommunica·

142 3058 203 3079 tione
216 3059 309 3085 ligandi,
325 3062 347 3080 et
360 3063 434 3080 torrae
444 3060 582 3085 (teri-aeque:
597 3058 634 3084 Ab)
650 3059 748 3083 ipsorum
764 3057 879 3077 interdicti
893 3057 1019 3077 sententiae
1033 3062 1082 3082 sup·

1113 215 1182 241 TIT.
1201 214 1259 242 VII.
1279 214 1330 242 DE
1348 214 1553 242 HERETICIS.
1573 223 1596 242 c.
1616 223 1639 248 9.
1662 221 1700 241 10.
2006 211 2056 239 782

1117 297 1213 320 contra
1225 294 1382 321 haereticos
1396 293 1531 327 instituta,
1541 293 1791 328 archiepiscoporum
1804 292 1842 318 vel
1855 290 2053 326 episcoporum

1117 329 1235 355 subeant
1249 329 1391 361 iudicium,
1409 334 1436 355 et
1454 329 1494 355 eis
1512 329 1539 354 in
1556 329 1608 354 hac
1621 332 1710 362 parte,
1728 332 1863 361 tanquam
1875 335 1891 352 a
1904 325 1973 352 sede
1985 333 2053 364 apno-

1116 363 1214 389 stolica
1227 363 1373 396 delegatis,
1391 372 1447 389 non
1460 363 1638 389 obstantibus
1652 362 1789 388 libertatis
1808 369 1875 387 suae
1888 360 2052 395 privilegiis,

1116 397 1346 431 obsequantur-11.
1367 397 1519 433 [Praeterea
1532 402 1577 423 etc.
1592 397 1636 431 (cf.
1650 406 1671 423 ε.
1684 405 1723 430 23.
1737 397 1767 422 de
1777 397 1832 422 iure
1841 400 1910 429 patr.
1923 395 1975 421 III.
1987 393 2053 428 38.)]

1520 476 1592 495 CAP.
1608 474 1650 494 ΧΑ

1115 515 1178 533 Bona
1195 515 1358 534 haereticorum
1378 515 1534 537 confiscantur,
1554 515 1575 533 ot
1594 515 1617 533 in
1635 513 1700 533 terris
1714 512 1823 532 eeclesiae
1842 512 1982 536 applicantur
1999 510 2053 530 fisco

1115 541 1230 565 ecclesiae,
1251 542 1274 560 in
1292 542 1357 561 terris
1377 541 1464 565 imperii
1484 541 1563 559 iudicis
1578 540 1699 559 saecularis
1717 539 1777 563 fisco,
1797 540 1819 558 et
1837 538 1945 563 procedit,
1965 537 2054 556 etiamsi

1438 566 1559 586 catholicos
1570 566 1653 585 habent
1663 565 1727 584 tilios.

1436 624 1656 651 Innocentius
1676 624 1737 650 ΙΙΙ.2

1184 673 1334 706 vergentis
1357 673 1383 698 in
1405 673 1515 698 senium
1537 671 1640 697 saeculi
1663 670 1850 704 corruptelam
1873 673 1948 702 †non
1969 670 2052 695 solum

1114 707 1217 740 sapiunt
1230 709 1352 732 elementa
1365 711 1496 740 corrupta,
1509 707 1553 731 sed
1565 706 1658 730 ειῖαηι3
1672 706 1819 737 (Iz'qnissima
1830 709 2009 730 creaturarum
2019 704 2054 729 ad

1115 741 1250 774 imayinem
1264 747 1285 766 el
1297 742 1485 766 similitudinem
1499 741 1600 765 condita
1616 739 1771 770 Creatoris⁴‚
1787 740 1908 772 praelata
1918 739 2053 772 privileyz'o

1115 776 1245 808 diynitatis
1259 776 1402 801 volucribus
1415 775 1480 800 coeli
1491 779 1512 800 ct
1527 775 1610 799 bestiis
1623 775 1756 799 universae
1773 778 1857 799 terrae
1874 778 1989 804 testatur,
2007 781 2053 798 nec

1115 815 1214 835 tantum.
1232 820 1260 835 eo
1278 811 1355 844 quasi
1370 811 1499 844 deficiente
1516 810 1567 834 iam
1584 809 1667 842 deficit
1673 808 1691 839 5,
1708 809 1752 833 sed
1768 812 1791 832 et
1807 808 1887 842 inficit
1904 812 1926 833 et
1939 807 2053 842 inficitur

1114 845 1209 869 scabra
1234 845 1349 878 rulu'qine
1374 845 1510 869 uetustatis.
1552 844 1647 868 Peccat
1671 843 1736 868 enim
1762 843 1796 867 ad
1819 847 1957 867 extremum
1980 842 2053 866 homo

1115 879 1281 910 nziserrinnts,
1306 884 1336 909 ct,
1361 879 1406 912 qui
1428 887 1480 903 non
1502 878 1584 911 potuit
1608 877 1634 902 in
1657 877 1699 902 sui
1720 881 1743 902 et
1766 877 1856 901 mundi
1875 877 2003 902 creatione
2026 876 2053 900 in

1111 914 1236 946 paradiso
1251 914 1396 947 persistere,
1415 913 1486 937 circa
1498 912 1541 937 sui
1551 917 1573 937 et
1587 912 1654 936 orbis
1666 911 1856 936 dissolutionem
1869 911 2013 943 deqenerat,
2032 914 2054 935 et

1112 948 1192 980 pretii
1210 957 1274 973 suae
1298 947 1476 980 redemptionis
1500 947 1571 971 circa
1593 946 1659 980 sines
1682 946 1846 970 saeculorum
1870 945 1968 976 oblitus,
1994 945 2052 970 dum

1116 982 1192 1007 variis
1209 991 1241 1007 ac
1259 983 1330 1007 vanis
1348 982 1524 1015 quaestionum
1541 990 1569 1005 se
1585 980 1690 1005 nexibus
1703 980 1802 1012 z'nyerit,
1820 988 1847 1005 se
1859 980 1942 1013 ipsum
1955 980 2054 1013 laqueis

1115 1025 1178 1041 suae
1189 1016 1292 1048 fraudis
1305 1016 1416 1047 innectit,
1434 1020 1457 1040 et
1470 1015 1556 1040 incidit
1568 1015 1594 1040 in
1606 1014 1716 1046 foveam,
1734 1023 1811 1048 quam
1820 1014 1949 1047 paravitss.
1985 1014 2054 1039 Ecce

1114 1051 1212 1082 etenim,
1235 1051 1336 1076 inimico
1357 1050 1455 1075 homine
1476 1050 1554 1074 messi
1573 1049 1715 1074 dominicae
1731 1049 1950 1082 superseminante
1970 1056 2054 1074 semen

1114 1085 1236 1119 iniquum,
1253 1090 1348 1118 seqetes
1361 1085 1386 1110 z'n
1399 1084 1500 1109 zizania
1510 1084 1650 1117 pullulant,
1668 1084 1707 1108 vel
1716 1084 1802 1116 potius
1811 1084 1971 1116 polluuntur,
1990 1083 2054 1108 triti-

1115 1128 1171 1144 cum
1194 1120 1294 1151 arescit,
1316 1124 1338 1144 et
1355 1119 1482 1144 evanescit
1503 1119 1529 1143 in
1548 1119 1649 1151 paleas,
1672 1118 1698 1142 in
1715 1118 1782 1152 flore
1799 1118 1867 1143 tinea
1883 1122 1906 1142 et
1923 1118 2010 1150 vulpes
2028 1117 2055 1141 in

1113 1153 1200 1185 fructu
1218 1155 1336 1179 demoliri
1350 1154 1450 1178 vineam
1467 1153 1578 1178 Domini
1592 1153 1739 1178 moliuntur.
1776 1152 1854 1177 Nova
1870 1152 1992 1185 siquidem
2009 1151 2056 1176 sub

1116 1197 1181 1213 novo
1205 1192 1353 1214 testamento
1375 1188 1461 1213 Achor-
1480 1187 1616 1220 prossenz'es
1638 1187 1668 1212 de
1688 1187 1778 1220 spoliis
1790 1187 1890 1212 Iericho
1912 1185 2054 1219 linyulam7

1115 1231 1222 1247 auream
1240 1223 1428 1256 palliolumque
1449 1221 1563 1254 furatur,
1587 1220 1633 1256 [et]
1656 1221 1774 1254 Abyron,
1799 1221 1907 1246 Dathan
1928 1225 1950 1246 et
1974 1220 2055 1246 Chore

1114 1257 1229 1282 sobolesS
1246 1257 1394 1282 detestanda
1410 1257 1482 1281 novis
1496 1256 1628 1281 thuribulis
1640 1255 1821 1288 fermentatum
1835 1255 1970 1288 tbymiama
1984 1255 2056 1279 nocis

1115 1292 1201 1316 colunt
1220 1291 1346 1316 altaribus
1364 1291 1474 1321 adolere,
1496 1291 1555 1315 dum
1571 1299 1623 1315 naz
1640 1290 1710 1315 nocti
1725 1290 1857 1315 scientiam
1874 1290 1977 1321 indicat,
1995 1289 2056 1313 dum

1115 1334 1206 1350 caecus
1220 1326 1326 1358 praebet
1345 1334 1420 1350 caeco
1434 1326 1562 1356 ducatum,
1580 1325 1639 1349 dum
1651 1325 1767 1350 haereses
1780 1325 1922 1358 pullulant,
1940 1328 1962 1349 et
1979 1332 2054 1357 quem

1114 1360 1214 1385 «livinae
1238 1360 1318 1385 reddit
1341 1360 1486 1385 hereditatis
1510 1364 1648 1392 expertem,
1677 1368 1740 1384 suae
1764 1359 1891 1384 constituit
1914 1358 2055 1384 haereticus

1113 1395 1225 1419 haeresis
1241 1399 1264 1419 et
1281 1395 1453 1419 damnationis
1469 1394 1590 1419 heredem.
1629 1394 1667 1419 Hi
1677 1398 1736 1418 sunt
1748 1401 1885 1426 cauponeS,
1904 1394 1950 1426 qui
1959 1401 2054 1426 aquam

1115 1429 1172 1453 uino
1186 1429 1355 1460 commiscent,
1370 1433 1392 1454 et
1406 1429 1474 1453 cirus
1488 1429 1609 1453 draconis
1622 1429 1648 1453 in
1661 1437 1740 1453 aureo
1751 1428 1831 1453 calice
1840 1427 1982 1460 Babylonis
1991 1436 2055 1461 pro-

1113 1463 1214 1496 pinant,
1227 1464 1352 1495 habentes,
1366 1464 1504 1488 secundum
1517 1463 1678 1496 Apostolum,
1691 1463 1799 1495 speciem
1809 1462 1920 1495 pietatis,
1938 1463 2054 1487 virtutem

1115 1502 1199 1523 autem
1211 1498 1264 1522 eius
1274 1498 1377 1531 penitus
1390 1498 1552 1530 abneyantes.
1583 1497 1654 1522 Licet
1667 1502 1751 1522 autem
1765 1501 1856 1522 contra
1870 1497 1956 1529 vulpes
1968 1497 2053 1521 huius-

1115 1532 1184 1557 modi
1194 1533 1332 1565 parvulas,
1350 1532 1445 1565 species
1463 1532 1562 1566 quidem
1579 1532 1696 1557 habentes
1714 1532 1836 1563 diuersas,
1853 1531 1898 1556 sed
1910 1531 2007 1556 caudas
2020 1531 2055 1556 ad

1115 1567 1220 1592 invicem
1245 1567 1388 1600 colliyatas',
1415 1567 1474 1600 quia
1499 1567 1529 1591 de
1552 1567 1664 1591 vanitate
1689 1566 1839 1591 conveniunt
1863 1565 1889 1590 in
1913 1566 1940 1590 id
1962 1566 2053 1598 ipsum,

1115 1601 1215 1626 diversa
1228 1602 1457 1634 praedecessorum
1474 1605 1621 1626 nostrorum
1644 1600 1798 1634 temporibus
1819 1600 1994 1625 emanaverint
2015 1600 2053 1624 in-

1113 1636 1215 1660 stituta.-
1245 1636 1358 1661 nondum
1388 1640 1472 1661 tamen
1501 1644 1581 1669 usque
1610 1635 1673 1660 adeo
1694 1635 1775 1668 pestis
1794 1635 1878 1668 potuit
1902 1634 2056 1668 mortificari

1114 1669 1257 1702 mortifera,
1272 1670 1341 1704 quin,
1359 1670 1423 1695 sicut
1437 1679 1539 1701 cancer,
1557 1670 1668 1703 amplius
1679 1674 1790 1702 serperet
1803 1669 1829 1694 in
1842 1669 1949 1701 occulto,
1967 1673 1990 1694 et
2002 1669 2054 1694 iam

1113 1705 1139 1729 in
1161 1709 1250 1738 aperto
1272 1714 1334 1730 suae
1356 1706 1425 1729 virus
1447 1705 1587 1738 iniquitatis
1607 1703 1736 1738 effundat,
1761 1704 1820 1728 dum
1838 1704 1952 1736 palliata
1972 1703 2055 1736 specie

1114 1739 1244 1772 reliyionis
1257 1744 1279 1764 et
1292 1740 1385 1764 multos
1398 1739 1488 1772 decipit
1501 1739 1637 1772 simplices,
1655 1743 1677 1763 et
1694 1739 1819 1772 quosdam
1835 1738 1931 1763 seducit
1947 1742 2054 1769 astutos,

1112 1773 1200 1805 sactus
1217 1775 1338 1806 mayister
1354 1774 1459 1806 erroris,
1475 1774 1519 1807 qui
1534 1782 1585 1798 non
1601 1773 1688 1805 fuerat
1704 1773 1844 1806 discipulus
1857 1772 1975 1798 ueritatis.
2013 1772 2056 1797 Ne

1114 1812 1199 1833 aulem
1220 1817 1275 1839 nos,
1298 1809 1349 1842 qui,
1372 1809 1428 1834 licet
1451 1809 1521 1833 circa
1542 1809 1630 1833 horam
1653 1808 1813 1832 undecimam
1831 1807 1896 1832 inter
1913 1807 2054 1840 operarios,

1114 1843 1190 1867 immo
1212 1843 1296 1868 verius
1315 1851 1394 1876 super
1415 1843 1550 1875 operarios
1570 1843 1658 1867 vineae
1679 1842 1788 1867 Domini
1803 1842 1917 1867 Sabaoth
1933 1849 2020 1866 sumus
2037 1850 2055 1866 a

1110 1876 1304 1910 patrefamilias
1325 1878 1471 1910 ecanqelico
1489 1877 1609 1910 deputati,
1632 1881 1655 1902 et
1673 1877 1762 1910 quibus
1779 1885 1809 1901 ez
1827 1876 1907 1910 officio
1925 1876 2058 1909 pastorali

1113 1916 1172 1936 sunt
1185 1921 1241 1936 oves
1256 1912 1350 1937 Clo-isti
1361 1912 1519 1943 commissae,
1533 1920 1578 1936 nec
1589 1919 1681 1944 capere
1691 1912 1777 1944 vulpes
1787 1911 1948 1936 (Ienzolientes
1957 1911 2056 1936 vineam

1114 1947 1229 1978 Dnnzinz',
1247 1955 1293 1971 nec
1311 1955 1401 1971 arcere
1418 1947 1492 1979 lupos
1509 1946 1542 1970 ab
1559 1946 1646 1970 ovibus
1663 1946 1803 1977 videamur,
1820 1950 1843 1970 et
1861 1945 1892 1969 ob
1908 1945 1954 1970 hoc
1967 1945 2054 1970 merito

1114 1981 1205 2006 vocari
1217 1981 1346 2014 possimus
1364 1990 1441 2006 canes
1458 1980 1523 2006 muti
1537 1990 1590 2005 non
1606 1981 1718 2006 valentes
1736 1981 1843 2011 latrare,
1867 1988 1898 2005 ac
1912 1980 2055 2012 perdamur

1115 2024 1171 2040 cum
1196 2015 1272 2041 malis
1296 2016 1417 2048 ayricolis
1441 2019 1463 2040 et
1488 2015 1647 2040 mercenario
1675 2023 1868 2048 crunparemur:
1897 2019 1989 2039 contra
2013 2014 2055 2039 de-

1114 2049 1238 2082 fensores,
1257 2054 1437 2083 receptatores,
1455 2049 1572 2082 finitores
1584 2053 1607 2074 et
1620 2050 1749 2074 credentes
1760 2049 1944 2074 baereticorum
1958 2049 2058 2082 aliquid

1114 2085 1225 2109 severius
1241 2085 1360 2109 duximus
1376 2085 1546 2115 statuendum,
1565 2088 1599 2115 ut,
1618 2084 1663 2117 qui
1674 2092 1723 2117 per
1734 2092 1761 2109 se
1774 2084 1808 2108 ad
1821 2084 1887 2108 ciam
1900 2083 2056 2108 rectitudinis

1114 2119 1233 2144 reuocari
1243 2128 1296 2143 non
1305 2123 1423 2152 possunt,
1436 2119 1462 2143 in
1475 2119 1528 2143 suis
1541 2119 1642 2143 tamen³
1658 2118 1842 2150 defensoribus,
1856 2117 2054 2151 receptatoribus

1114 2157 1136 2178 et
1157 2152 1312 2185 fautoribus,
1333 2162 1364 2178 ac
1386 2154 1461 2178 etiam
1482 2153 1640 2178 credentibus
1657 2152 1859 2184 confundantur,
1881 2157 1912 2183 et,
1935 2160 2012 2186 quum
2028 2160 2056 2177 se

1115 2187 1221 2213 viderint
1244 2188 1276 2213 ab
1298 2187 1443 2212 omnibus¹0
1466 2187 1569 2218 evitari,
1594 2187 1760 2212 reconciliari
1778 2187 1918 2212 desiderent
1943 2187 2054 2212 omnium

1115 2222 1213 2248 unitati.
1249 2222 1291 2247 Dc
1304 2222 1433 2247 communi
1444 2231 1503 2255 eryo
1518 2221 1633 2254 fratrum
1650 2226 1798 2247 nostrorum
1816 2221 1931 2253 consilio,
1949 2229 2054 2246 assensu

1115 2265 1214 2290 (pioque
1227 2256 1479 2290 archiepiscoporum
1492 2260 1514 2281 et
1528 2257 1705 2290 episcoporum
1716 2257 1786 2289 apud
1794 2257 1876 2281 sedem
1886 2255 2055 2289 apostolicam

1115 2291 1294 2322 exsistentium,
1317 2291 1454 2316 districtius
1476 2291 1622 2322 inhibemuS,
1645 2292 1749 2324 nequis
1766 2291 1906 2316 haereticos
1923 2294 2054 2323 receptare

1113 2325 1299 2358 quomodolibet
1312 2326 1351 2350 vel
1362 2325 1535 2357 ‹lcfensare¹¹,
1555 2329 1599 2350 aut
1612 2325 1673 2358 ipsis
1690 2325 1779 2357 fauere
1791 2325 1859 2350 velh'
1877 2325 1979 2350 credere
1991 2333 2054 2357 quo-

1114 2369 1164 2393 quo
1177 2360 1251 2385 modo
1261 2365 1420 2393 praesumat,
1436 2360 1569 2393 praesenti
1579 2360 1678 2385 decreto
1694 2360 1803 2394 firmiter
1815 2363 1960 2390 statuentes,
1979 2363 2014 2390 ut,
2031 2358 2056 2383 si

1114 2395 1171 2427 quis
1184 2395 1283 2428 aliquid
1294 2395 1413 2419 lwrumw
1429 2394 1518 2426 facere
1528 2395 1737 2427 praesumpserit,
1756 2394 1807 2419 nisi
1816 2394 1900 2427 primo
1913 2393 2054 2418 secundove

1114 2429 1282 2454 commonitus
1301 2438 1317 2454 a
1333 2438 1381 2454 sua
1401 2438 1478 2462 super
1499 2429 1545 2454 hoc
1568 2429 1697 2454 curaverit
1715 2428 1923 2461 praesumptione
1944 2435 2053 2458 cessare,

1114 2463 1168 2496 ipso
1191 2463 1246 2488 iure
1262 2463 1294 2488 sit
1315 2463 1402 2495 sactus
1423 2463 1536 2495 insanu'S,
1558 2472 1604 2488 nec
1621 2463 1655 2488 ad
1668 2463 1772 2496 publica
1790 2462 1872 2496 officia
1891 2462 1930 2487 vel
1946 2461 2054 2487 consilia

1114 2497 1250 2529 ciuitatum,
1273 2507 1319 2522 nec
1336 2499 1371 2523 ad
1387 2498 1515 2530 eliqendos
1533 2498 1634 2531 aliquos
1651 2498 1686 2522 ad
1701 2497 1851 2527 lnn'usmodi,
1873 2504 1920 2521 nec
1937 2496 1972 2521 ad
1987 2496 2054 2521 testi—

1114 2532 1226 2557 monium
1243 2533 1429 2558 admittaturss.
1466 2533 1504 2557 Sit
1521 2532 1597 2557 etiam
1615 2532 1772 2562 intestabilis,
1796 2539 1842 2556 nec
1859 2531 1894 2555 ad
1909 2530 2054 2556 hereditatis

1113 2567 1297 2592 successionem
1310 2567 1424 2592 accedat.
1463 2567 1560 2592 Nullus
1576 2570 1711 2599 praeterea
1724 2566 1773 2599 ipsi
1784 2570 1890 2598 coyatur
1901 2573 1978 2598 super
1991 2573 2052 2598 quo-

1114 2610 1213 2634 cunque
1230 2602 1328 2634 neqntio
1347 2602 1508 2634 respondere.
1548 2601 1646 2630 Quodsi
1664 2599 1732 2632 forte
1753 2600 1827 2624 iudex:
1848 2599 1978 2630 exsulerit,
1999 2599 2053 2624 eius

1112 2636 1237 2661 sententia
1254 2636 1353 2661 nullam
1371 2636 1481 2661 obtineat
1496 2635 1652 2669 firmitatem,
1671 2643 1716 2659 nec
1733 2642 1828 2659 causae
1840 2634 1942 2666 aliquae
1954 2634 1988 2658 ad
2000 2633 2053 2658 eius

1113 2670 1268 2696 audientiam
1284 2670 1460 2703 perferantur.
1497 2670 1528 2695 Si
1547 2670 1626 2701 fuerit
1642 2669 1789 2700 advocatus,
1811 2668 1863 2693 eius
1879 2667 2053 2700 patrocinium

1112 2705 1261 2730 nullatenus
1271 2705 1427 2730 admittatur.
1450 2705 1482 2729 Si
1490 2704 1599 2734 tabellio,
1610 2704 1777 2728 instrumenta
1787 2701 1905 2733 confecta
1913 2710 1961 2735 per
1970 2702 2054 2735 ipsum

1112 2739 1210 2764 nullius
1219 2739 1269 2764 sint
1275 2740 1378 2773 penitus
1390 2739 1514 2769 momenti,
1521 2739 1566 2763 sed
1575 2746 1632 2763 cum
1642 2742 1747 2762 auctore
1757 2737 1879 2762 damnato
1890 2737 2051 2761 damnentur.

1113 2773 1146 2798 In
1158 2773 1282 2799 sinu‘libus
1292 2775 1367 2799 etiam
1381 2773 1444 2798 idem
1455 2773 1629 2806 praecipimus
1639 2771 1776 2796 observari.
1802 2771 1834 2796 Si
1843 2779 1900 2796 vero
1909 2770 1932 2788 ¹5
1944 2771 2054 2796 clericus

1115 2878 1235 2901 ponantur:
1249 2876 1266 2896 A
1319 2877 1352 2901 ³5¹)
1363 2876 1600 2896 communicationem:
1616 2874 1644 2894 Ab
1687 2874 1721 2899 40)
1732 2874 1882 2894 decrevimus:
1897 2874 1923 2893 a'b.
1971 2873 2006 2900 41)
2015 2875 2054 2895 ob·

1115 2905 1243 2922 serventur:
1257 2902 1324 2924 Aabc:
1339 2904 1513 2926 consequentur:
1529 2901 1563 2920 ‚ll-².

1168 2928 1230 2952 Cap.
1244 2929 1272 2948 X.
1305 2929 1324 2953 1)
1339 2928 1466 2947 Itcstitutunt
1481 2932 1505 2946 cx
1519 2926 1566 2950 Ii'cJJ.
1581 2926 1628 2946 Bul.
1644 2926 1673 2949 11,
1689 2928 1719 2949 1.;
1735 2937 1758 2940 —
1773 2924 1825 2945 Gilb.
1844 2926 1902 2946 attct.
1916 2931 1955 2945 un.
1970 2926 1998 2952 (5,
2011 2927 2053 2952 4.);

1117 2953 1184 2979 Cmnp.
1195 2954 1235 2974 111.
1245 2960 1262 2973 c.
1274 2956 1292 2974 1.
1303 2955 1323 2974 Ιι,
1335 2954 1349 2973 t.
1360 2955 1387 2978 (5,
1398 2954 1426 2975 4.)
1467 2954 1486 2975 2)
1498 2953 1557 2972 clero
1568 2955 1590 2972 ot
1599 2952 1680 2976 populo
1691 2952 1838 2972 Vitorbiunsi:
1853 2951 1916 2977 Ray..-
1925 2963 1950 2967 —
1958 2952 2055 2973 Potthast

1116 2985 1151 2999 no.
1162 2981 1207 3000 643.
1247 2981 1268 3004 Β)
1279 2982 1312 3000 et:
1327 2980 1367 2999 Cab
1406 2980 1427 2999 4)
1439 2979 1572 2998 conditoris:
1587 2978 1637 2997 Cabc
1676 2977 1696 3002 5)
1707 2978 1801 2997 defecit:
1816 2977 1868 2997 Cabc
1907 2978 1928 3001 6)
1938 2979 2002 2998 feeit:
2017 2979 2054 2999 Clu:

1117 3006 1137 3030 7)
1149 3006 1258 3030 regulam:
1273 3006 1298 3025 Cb
1338 3007 1358 3027 8)
1369 3005 1501 3029 sobolesque
1511 3004 1632 3023 detestata:
1646 3003 1672 3022 ib.
1708 3004 1729 3027 9)
1739 3003 1830 3023 saltem:
1845 3003 1881 3024 Obc
1916 3004 1948 3029 10)
1959 3005 2055 3024 homini-

1118 3032 1169 3051 bus:
1188 3032 1212 3051 Cb
1292 3031 1324 3055 11)
1339 3031 1471 3051 detenderet
1491 3030 1527 3051 cc.-
1546 3030 1666 3049 defendero
1680 3029 1772 3049 audeat:
1791 3029 1816 3048 Cb
1899 3030 1931 3055 12)
1946 3032 1996 3050 aut:
2015 3031 2055 3052 Oab

1118 3057 1151 3083 18)
1161 3063 1250 3078 eorum:
1264 3057 1316 3077 Cubc
1360 3057 1392 3082 14)
1403 3057 1559 3077 admittantur:
1573 3055 1598 3076 Cb
1647 3054 1680 3080 15)
1690 3061 1753 3081 orgo:
1768 3054 1812 3075 Cbc.
