2243 3288
162 289 227 314 lot?

164 373 274 395 novam,
288 365 372 390 etiam
391 364 417 389 in
434 364 496 389 loco
514 364 605 389 minus
623 363 765 397 religioso,
779 364 895 397 elegerit
913 365 1097 399 sepulturam:

165 399 331 425 electionem
349 398 518 430 huiusmodi,
536 398 600 424 licet
623 398 682 423 iura
698 406 783 432 super
800 399 853 424 hoc
870 399 1017 425 videantur
1034 407 1098 427 esse

167 434 285 465 diversa,
298 440 477 467 nequaquam
489 433 616 458 volumus
630 432 795 466 impugnari.

567 502 583 522 C
590 502 609 521 A
615 501 640 521 P.
654 502 693 521 111.

164 536 291 555 Tmnslatio
309 541 429 560 personae,
453 536 481 555 ad
500 538 585 555 certum
604 536 678 555 locum
698 536 756 556 sacta
773 536 801 555 ad
820 538 918 561 teinpus,
937 537 1046 556 ecclesiae
1065 537 1099 557 ius

163 562 289 586 sepulturae
299 567 344 580 non
355 562 434 581 aufert.
462 562 489 581 tt.
501 562 521 580 d.
533 562 654 581 secundum
665 563 731 581 Zenz.
743 573 764 576 —
775 564 793 584 ξ.
805 565 823 582 1.
837 563 919 582 Mulier
933 564 1026 587 mortun,
1042 569 1098 588 quae

296 588 397 612 pluribus
407 587 489 612 nupsit,
501 593 550 607 cum
561 589 610 607 viro
620 588 699 607 ultimo
709 588 822 612 sepelitur.
850 589 899 608 Hoc
909 588 970 607 dicit.

582 629 681 656 Idem.

233 673 267 703 Is,
279 672 326 706 qui
336 672 455 698 habetl·
466 672 637 698 domicilium
647 673 674 698 in
684 672 796 699 civitate
806 673 851 699 vel
861 677 962 706 castro,
974 673 1098 707 quando—

164 715 219 741 que
233 707 269 732 ad
282 707 375 732 villam
388 707 507 733 ruralem
521 715 551 733 se
565 707 696 733 transfert
708 707 888 733 recreationis
906 715 999 739 causa,
1012 709 1057 734 vel
1071 713 1100 734 ut

163 741 264 767 ruralia
281 746 410 767 exerceat
428 741 455 766 in
473 741 583 773 eadem,
597 741 620 767 si
637 749 693 766 non
711 741 800 767 electa
818 742 961 776 sepultura
979 742 1099 768 decedat

165 775 278 807 ibidem,
292 783 347 800 non
365 776 392 800 in
409 775 527 801 ecclesia
545 775 636 802 dictae
653 776 742 807 villae,
757 776 806 802 sed
825 776 852 801 in
870 784 921 802 sua
937 777 1099 810 parochiali,

164 811 208 836 rel
222 810 248 835 in
263 818 297 835 ea
309 810 411 843 potius,
423 810 450 835 in
463 818 519 843 qua
531 810 666 835 maiorum
681 810 768 844 ipsius
778 810 813 836 ab
827 810 942 844 antiquo
956 819 986 836 se
1010 811 1099 837 ultura

163 844 396 878 exstitit,sepeliri
408 844 532 876 debebit,
543 844 697 870 dummodo
708 844 816 878 absque
827 845 951 878 periculo
962 853 978 870 a
1009 845 1098 879 ipsam

163 879 255 904 valeat
281 878 432 912 deportari.
467 878 488 912 ξ.
511 887 532 904 1.
565 879 665 904 Mulier
685 883 788 911 autem,
812 887 884 912 quae
906 879 1000 912 plures
1024 880 1098 905 viros

162 913 259 938 habuit
281 913 448 945 successive,
468 913 490 938 si
512 913 684 947 sepulturam
706 921 763 938 non
781 913 875 946 eligat,
894 918 937 939 est
959 922 1021 939 cum
1039 914 1098 940 viro

164 947 272 980 ultimo,
286 947 363 973 cuius
377 947 548 973 domicilium
560 947 662 974 retinet
675 951 703 974 et
716 947 862 980 honorem,
876 948 1047 974 tumulanda.

571 1016 587 1037 C
594 1017 644 1036 ΛΡ.
659 1017 696 1037 lv.

162 1052 196 1070 Ex
213 1051 375 1070 consuetudine
388 1053 459 1075 potest
474 1053 537 1075 pater
551 1051 661 1076 impuberi
677 1051 759 1073 eligere
773 1051 922 1076 sepulturam:
941 1051 1011 1076 pubes
1025 1053 1099 1072 autem

162 1077 225 1101 eligit
235 1082 274 1101 per
285 1082 308 1096 se
324 1078 401 1101 ipsum.
429 1078 457 1096 Et
472 1078 513 1096 boc
524 1077 579 1096 dicit
592 1077 714 1096 secundum
725 1078 792 1096 Zenz.
802 1078 874 1101 quoad
890 1078 986 1101 titulum,
1001 1078 1039 1097 sed
1054 1084 1100 1097 non

162 1103 235 1127 quoad
254 1106 346 1122 textum.
375 1103 438 1122 t‘nde
457 1105 531 1127 posset
549 1103 613 1122 addi:
633 1106 655 1122 ct
668 1109 707 1127 pro
721 1104 798 1122 anima
812 1109 857 1123 non
872 1104 931 1128 legat
945 1105 993 1123 sine
1007 1110 1100 1124 assensu

406 1130 474 1153 patris
485 1129 545 1148 bona
554 1134 599 1148 non
610 1129 740 1148 castrensia.
767 1130 860 1148 Domiu.

469 1170 561 1197 Idem
580 1171 611 1196 in
630 1171 791 1197 eodeml‘.

231 1213 308 1239 Licet
326 1218 406 1247 pater
424 1213 545 1240 minores
564 1213 645 1245 filios,
664 1213 711 1247 qui
728 1218 880 1247 nequeunt,
894 1218 1046 1248 antequam
1063 1215 1099 1240 ad

162 1256 250 1274 annos
269 1248 426 1282 pubertatis
444 1248 616 1282 perveniant,
634 1248 738 1281 eligere
756 1249 937 1282 sepulturam,
955 1249 1053 1283 possit,
1077 1250 1099 1275 si

163 1282 338 1308 consuetudo
349 1287 440 1308 terrae
450 1282 478 1307 id
488 1283 662 1316 habeat,quo
672 1282 790 1308 volucrit
798 1283 930 1316 sepelire:
941 1283 995 1309 hoc
1006 1288 1099 1310 tamen

163 1325 218 1342 non
232 1322 336 1350 potest,
347 1317 393 1342 ubi
408 1317 582 1343 consuetudo
594 1317 752 1342 huiusmodi
765 1325 822 1342 non
833 1317 960 1349 habetur,
971 1318 1022 1343 sed
1035 1323 1099 1344 sunt

163 1360 227 1376 cum
252 1351 308 1376 suis
330 1351 481 1376 maioribus
504 1351 548 1377 vel
570 1351 596 1376 in
618 1351 770 1384 parochiali
792 1351 911 1377 ecclesia
933 1352 1098 1378 tumulandi.

164 1385 298 1419 Quamvis
324 1391 418 1411 autem
446 1385 638 1411 filiusfamilias
664 1385 772 1419 absque
794 1386 882 1420 patris
905 1394 1022 1412 assensu
1045 1387 1098 1412 sibi

163 1420 252 1453 possit
277 1419 364 1446 libere
388 1420 492 1452 eligere
517 1420 702 1454 sepulturam:
735 1428 785 1454 pro
814 1420 906 1446 anima
930 1425 1024 1447 tamen
1049 1430 1100 1447 sua

164 1459 275 1488 praeter
297 1455 383 1488 ipsius
401 1462 557 1486 assensum,
575 1454 626 1479 nisi
645 1454 785 1488 peculium
803 1459 945 1481 castrense
958 1456 1098 1490 autquasi

164 1494 307 1515 castrense
320 1488 433 1521 habeat,
447 1489 553 1523 aliquid
566 1489 688 1515 iudicare
701 1497 758 1515 non
771 1493 874 1523 potest.

577 1558 648 1578 CAP.
663 1559 690 1578 V.

162 1593 278 1617 Religiosi,
293 1593 336 1612 nisi
351 1593 444 1612 multum
461 1593 540 1612 remoti
554 1598 567 1611 a
582 1593 725 1616 monasterio,
742 1594 855 1617 nequeunt
869 1592 924 1612 alibi
935 1593 1017 1618 eligere
1027 1593 1098 1618 sepul·

366 1621 446 1638 turam.
474 1619 502 1638 Η.
513 1618 534 1637 d.
545 1619 667 1638 secundum
678 1618 818 1638 intellectum
828 1619 894 1638 Zenz.

468 1660 559 1687 Idem
578 1661 610 1686 in
629 1660 791 1687 eodeml*.

230 1703 376 1738 Religiosi,
393 1703 446 1730 nisi
459 1712 476 1730 a
488 1703 609 1738 propriis
627 1703 802 1730 monasteriis
821 1703 893 1730 adeo
912 1704 1028 1730 forsitan
1045 1703 1100 1730 sint

230 1809 287 1832 Tit.
305 1809 381 1832 XIII.
421 1809 492 1840 Cap.
510 1809 530 1832 I.
569 1807 594 1840 a)
613 1809 750 1832 Decretalis
766 1813 801 1832 est
821 1809 933 1839 Gregorii
952 1809 998 1833 IX.
1020 1809 1102 1833 decisa

162 1844 193 1867 de
214 1848 338 1873 extravag.
364 1851 413 1871 sua,
439 1850 502 1874 quae
523 1843 667 1874 incipiebat:
689 1844 854 1867 Crat-amen
878 1842 949 1875 (leq.⁴
970 1842 1101 1875 gravem)

162 1879 263 1902 nobis:
281 1877 375 1901 Ioann.
390 1877 471 1902 Andr.
484 1890 518 1894 —
530 1876 635 1900 Exstat:
649 1877 680 1901 It:
692 1877 723 1901 L.
738 1885 778 1900 no.
794 1878 866 1901 XIV.
882 1877 935 1902 LA:
959 1878 1032 1908 Greg.
1052 1879 1098 1901 IX.

164 1913 278 1936 fratr-ibus
302 1912 518 1943 praedicatoribus.
575 1912 682 1935 Gravem
706 1912 778 1935 nobis
803 1920 856 1935 ven.
885 1911 974 1935 fraterl
1003 1912 1102 1936 noster²

163 1947 361 1977 archiepiscopus
379 1947 478 1977 pisanus
495 1950 518 1969 et
535 1946 668 1977 capitulum
687 1947 800 1977 pisanum
818 1947 1019 1977 conquestionem
1032 1954 1101 1970 mon-

162 1986 306 2009 straverunt,
332 1981 398 2011 quod
420 1988 462 2003 vos
481 1980 504 2003 in
527 1981 750 2011 praedicationibus
772 1981 864 2009 vestris,
885 1985 907 2004 et
927 1980 1010 2009 aliasss,
1035 1981 1101 2012 quod

162 2017 202 2039 vix
216 2015 344 2043 credimus,
365 2023 445 2038 coram
460 2015 528 2038 laicis
541 2020 562 2038 et
577 2015 670 2038 clericis
683 2015 781 2046 publice
794 2014 941 2038 asserendo4
953 2016 1097 2046 proponitis,

163 2050 229 2081 quod
250 2058 322 2073 nemo
343 2054 438 2072 tenetur
459 2049 566 2072 decimas
588 2049 681 2072 solvere
698 2058 726 2072 cx
745 2054 887 2080 pracceptr)‚
913 2054 1013 2081 propter
1035 2050 1100 2080 quod

163 2085 290 2108 laiciorum
301 2084 341 2115 qni
352 2089 419 2107 erant
431 2084 455 2106 in
466 2091 548 2107 earum
562 2082 700 2107 solutiones
713 2084 813 2112 remissi,
831 2088 900 2107 tanto
911 2084 965 2115 plus
976 2083 1083 2114 refriguit
1091 2082 1102 2100 [ἶ

163 2119 258 2147 caritas,
278 2118 343 2149 quod
358 2118 396 2141 vix
415 2123 454 2141 aut
474 2126 598 2148 nunquam
616 2118 639 2141 in
657 2118 755 2141 civitate
773 2118 858 2149 pisana
874 2118 967 2149 aliquid
985 2119 1100 2142 solverint

163 2154 262 2177 nomine
275 2153 432 2179 decimarum,
449 2150 556 2183 sicque-T,
577 2152 708 2176 devotione
726 2152 835 2176 fidelium
854 2153 954 2181 minuta,
975 2153 1100 2183 insurgunt

163 2188 280 2215 erroresffl,
294 2187 438 2218 proveniunt
453 2187 560 2217 pericula
570 2187 707 2210 animarum
717 2192 740 2210 et
753 2187 869 2215 eeclesiis,
884 2187 972 2218 quibus
982 2187 1102 2211 debentur

163 2223 284 2250 decimae,
312 2221 486 2244 detrimentum
511 2229 559 2244 non
584 2222 708 2244 modicum
732 2226 869 2251 generatur.
921 2223 1003 2251 Quum
1029 2222 1102 2252 igitur

164 2262 268 2280 vestram
287 2264 336 2278 non
353 2256 437 2279 deceat
460 2255 614 2279 honestatem
634 2255 742 2287 proferre
763 2256 833 2284 talia,
860 2263 902 2287 per
923 2264 986 2287 quae
1008 2260 1101 2280 mentes

164 2291 274 2315 fidelium
284 2290 379 2313 abonis
389 2290 504 2320 operibus
515 2290 673 2319 retrahantur,
689 2295 711 2313 et
725 2290 790 2313 unde
804 2290 907 2313 fructum
922 2291 980 2313 boni
993 2289 1102 2314 debent9

164 2325 245 2356 operis
258 2330 381 2356 reponare
393 2324 567 2347 detrimentum
581 2324 716 2347 animarum
728 2325 841 2348 afferant:
854 2325 995 2348 discretioni
1007 2330 1102 2349 vestrae

165 2360 310 2383 mandamus
326 2358 425 2382 vobis-1⁴³
441 2359 573 2381 districtius
590 2359 735 2387 inhibentes,
760 2367 790 2382 ne
812 2359 870 2382 talia
887 2359 924 2382 vel
948 2359 985 2382 his
1002 2359 1098 2387 similia,

164 2402 226 2425 quae
239 2394 334 2417 animos
341 2392 362 2409 Π
377 2393 527 2415 audientium
541 2398 706 2423 corrumpant,
723 2401 859 2424 proponere
867 2393 889 2409 1²
901 2394 932 2417 de
942 2398 1023 2417 cetero
1033 2401 1102 2425 prae-

163 2429 273 2456 sumatis,
291 2428 366 2451 immo
380 2427 454 2450 verbo
467 2432 489 2450 et
504 2434 577 2458 opere
591 2427 725 2450 informetis
738 2427 845 2456 eosdem,
867 2431 891 2451 ut
909 2428 940 2451 ad
954 2428 1101 2452 solutionem

164 2468 214 2486 tam
224 2463 375 2486 decimarum
385 2469 459 2492 quam
469 2461 543 2484 etiam
554 2461 664 2490 aliorum,
680 2469 742 2492 quae
752 2462 799 2485 deo
809 2462 935 2491 debentur,
945 2467 1074 2494 promptae
1080 2461 1102 2478 13

165 2497 297 2521 voluntatis
310 2497 392 2520 animo
400 2494 422 2512 ¹⁴
435 2496 481 2519 sint
495 2496 589 2519 attenti.

233 2532 303 2562 Cap.
321 2531 355 2554 ΙΙ.
395 2529 420 2561 a)
435 2530 575 2553 I'onebatur
591 2530 650 2553 olim
667 2529 727 2553 haec
745 2530 872 2554 decretalis
884 2534 910 2554 ut
923 2531 982 2554 dicit
997 2531 1098 2554 Archid.

164 2567 209 2589 sub
231 2566 266 2589 tit.
292 2565 323 2588 de
344 2569 407 2588 statu
430 2572 495 2588 mon.
515 2569 539 2587 et
556 2564 698 2595 incipiebat:
721 2566 817 2594 Quum
838 2573 992 2596 personae.
1033 2565 1098 2589 (iuli.

164 2601 265 2630 allegat:
288 2599 364 2629 Quia
382 2607 539 2630 personae,
565 2599 606 2630 qui
625 2598 673 2622 fere
690 2603 766 2621 totam
785 2599 847 2623 hanc
860 2600 1007 2623 decretalem
1022 2600 1101 2631 posuit

166 2636 190 2658 in
208 2636 280 2666 spec.
297 2634 327 2657 de
345 2634 398 2657 dec.
415 2641 474 2657 vers.
492 2633 516 2656 in
534 2641 636 2656 summa.
653 2646 687 2650 —
700 2632 792 2657 Ioann.
813 2633 894 2657 Andr.
909 2647 941 2650 —
955 2633 1102 2658 Decrelalz's

165 2669 238 2693 Alex.
258 2669 302 2692 tv.
324 2667 376 2691 ιΙαΙ.
397 2667 456 2691 Lat.
476 2668 507 2691 X.
534 2666 594 2691 Kal.
613 2666 697 2699 April.
716 2667 746 2691 A.
768 2668 815 2690 III.
838 2667 936 2699 (1256.)
959 2671 1040 2692 exsla!
1062 2668 1102 2700 (ex

164 2702 227 2734 Izeq.
241 2701 305 2733 rat.)
317 2701 343 2725 in
356 2701 508 2726 eulaliam.
522 2701 559 2725 etl.
574 2701 652 2725 Taur.
662 2702 711 2724 III.
728 2701 784 2731 630,
795 2711 801 2729 3
814 2716 845 2719 v·
856 2701 893 2725 JI.
906 2701 935 2726 L.
943 2710 984 2726 rm.
997 2703 1098 2726 XLIII.

163 2751 198 2755 —
210 2736 325 2761 l’olthasl
342 2744 383 2760 nn.
401 2736 489 2767 16300.
504 2749 539 2753 —
558 2735 745 2767 compilatores
766 2734 808 2759 lib,
828 2736 872 2759 VI.
894 2736 991 2760 initium
1013 2737 1101 2761 «mnis-e-

163 2775 232 2801 runt,
247 2771 313 2804 quod
326 2770 377 2794 tale
390 2774 439 2794 cst:
465 2771 531 2801 Quia
547 2778 665 2802 personae
678 2770 806 2801 religiosae
823 2774 872 2793 tam
886 2775 1014 2802 exemptae
1027 2779 1101 2802 quam

164 2807 227 2829 aliae
243 2806 274 2829 de
287 2814 363 2835 regno
378 2805 496 2828 Franciae
514 2805 584 2836 plura
596 2805 709 2828 dicuntur
726 2812 880 2835 praesumere
902 2813 964 2836 quae
986 2806 1044 2837 ipsis
1067 2806 1101 2828 in-

165 2841 265 2864 famiam
283 2840 379 2871 pariunt
392 2844 416 2863 et
435 2839 489 2863 aliis
506 2839 611 2863 inferunt
628 2839 770 2868 laesionem,
791 2839 904 2863 convenit
921 2839 1001 2863 taliter
1014 2841 1038 2864 in
1057 2840 1102 2864 hac

219 2925 238 2947 1)
250 2925 344 2944 dilectus
354 2924 423 2943 fitius:
439 2923 465 2943 111

166 2952 186 2969 5»
197 2951 248 2969 laici
259 2953 366 2974 quaerant
377 2950 448 2974 primo
459 2951 481 2968 in
492 2950 571 2969 solut.:
586 2949 601 2968 L

662 2950 682 2974 G)
694 2950 830 2973 refrigeseit:
845 2950 860 2968 L

167 2977 234 2995 duat:
248 2976 271 2995 Ic
323 2978 355 2999 lt)
366 2977 464 2995 animas:
479 2975 494 2994 L

556 2976 588 3000 13)
598 2981 673 3000 prop.:
688 2976 756 2995 deest:
770 2975 794 2995 Ic

219 3069 272 3088 Tit.
286 3069 334 3088 ΧΠ.
362 3069 425 3093 Cap.
439 3069 478 3088 111.
506 3069 526 3092 ι)
536 3069 632 3089 habens:
646 3069 765 3090 ABCDEFG

220 3094 280 3117 Cap.
294 3095 332 3114 IV.
365 3096 383 3118 l)
394 3095 422 3114 de
432 3095 493 3114 eod.:
507 3094 574 3114 deest:
588 3095 648 3114 Codd.
659 3096 707 3115 coll.

221 3120 282 3144 Cap.
296 3121 322 3141 V.
350 3122 370 3144 1)
380 3121 404 3140 in
413 3121 476 3141 eod-z
491 3120 559 3141 ciust:
572 3120 633 3142 Cvdcl.
643 3120 689 3142 coll.

421 287 529 313 SEXTI
547 286 756 313 DECRETAL.
773 287 840 313 LIB.
860 288 904 314 111.
923 287 993 314 TIT.
1011 289 1070 315 XII.
1089 288 1159 315 XIII.
1179 288 1230 315 DE
1248 287 1408 321 DECIMIS,
1426 287 1596 314 PRIMlTIIS
1616 291 1668 314 etc.
1688 294 1710 314 c.
1734 295 1755 314 1.
1775 295 1799 313 2.

550 2924 571 2947 2)
581 2923 644 2943 arith:
657 2924 697 2943 na
713 2923 755 2945 [ml.
766 2929 831 2948 quum
843 2924 1069 2968 ‘amm31‘2tsl2lnormm·s
1079 2925 1170 2950 arrln'tp.
1181 2925 1221 2945 I'is.
1233 2925 1325 2949 (ircyori'i'
1333 2925 1423 2949 tempore
1433 2930 1475 2944 non
1487 2925 1594 2944 (xsz'slcrct

846 2976 879 3000 13)
889 2950 995 3000 proirissddi
1001 2951 1161 3001 .Icq;u11;¹1-‘.W{.do:
1175 2977 1191 2996 J.

2001 285 2068 313 1048

1133 366 1242 398 remoti,
1257 365 1333 400 quod
1345 365 1382 391 ad
1395 372 1438 397 ea,
1452 373 1538 398 quum
1554 364 1717 397 moriuntur,
1729 363 1877 390 commode
1894 363 1997 398 portari
2011 371 2067 388 non

1134 401 1251 434 possint,
1265 404 1416 433 nequeunt,
1435 407 1520 432 quum
1537 399 1609 424 velle
1630 399 1674 424 vel
1695 399 1769 424 nolle
1790 406 1846 424 non
1863 398 1995 429 habeant,
2012 397 2063 423 sibi

1133 435 1238 494 pligtiere
1260 434 1444 468 sepulturam
1468 433 1519 459 sed
1541 438 1605 459 sunt
1623 432 1699 467 apud
1716 441 1766 459 sua
1786 432 1956 459 monasteria
1977 436 2067 458 tumu-

1143 477 1179 494 an
1201 477 1218 495 1.

1434 555 1657 584 TITULUS
1683 555 1761 583 XIII.

1133 613 1188 640 DE
1207 613 1397 647 DECIMIS,
1416 612 1652 639 PRIMITIISl*
1670 613 1723 638 ET
1741 611 2067 638 OBLATIONIBUS.

1551 690 1568 710 C
1574 690 1624 710 ΑΡ.
1639 691 1656 710 Ι.

1132 725 1237 750 Populus,
1253 727 1277 745 ut
1289 726 1391 746 ccelesiis
1406 726 1455 744 iura
1464 725 1540 745 debita
1553 724 1672 749 persolvat,
1687 725 1721 743 est
1735 725 1758 743 in
1771 723 1976 748 praedicationibus
1986 725 2008 743 ot
2017 723 2068 743 aliis

1375 752 1533 771 exhortandus.
1561 752 1589 770 11.
1600 751 1621 770 (Ι.
1631 751 1753 770 seeundum
1763 751 1829 769 chz.

1185 810 1371 844 Gregorius
1390 811 1457 837 ΙΧΞι
1481 810 1646 836 fratribus
1670 808 1970 836 Praedicatoribus
1988 813 2021 835 et

1501 849 1698 875 Minoribus.

1202 895 1371 922 Discretioni
1385 901 1496 923 vestrae
1508 895 1674 922 mandamus
1689 894 1840 921 districtius
1853 894 2020 927 inhibentes,
2033 903 2069 920 ne

1135 929 1209 962 talia,
1223 938 1296 963 quae
1309 930 1454 957 audientes
1468 939 1484 956 a
1498 931 1670 956 decimarum
1683 938 1732 956 seu
1746 929 1863 955 aliarum
1876 937 1967 955 rerum
1980 929 2068 955 eccle-

1135 964 1183 989 siis
1197 964 1355 990 debitarum
1373 965 1512 991 solutione
1529 965 1679 996 retrahant,
1693 964 1737 990 vel
1750 964 1818 990 alias
1828 964 1935 989 animas
1949 971 2069 989 corrum-

1135 1003 1202 1032 pant
1219 999 1400 1031 audientium,
1414 999 1441 1024 in
1459 999 1635 1025 sermonibus
1649 999 1749 1025 vestris
1767 998 1810 1024 ve]
1829 997 1893 1023 alibi
1911 1006 2070 1031 proponere

1135 1033 1170 1058 de
1192 1037 1287 1058 cetero
1308 1034 1503 1067 praesumatis.
1540 1034 1626 1059 Immo
1646 1034 1733 1059 verbo
1756 1037 1784 1059 et
1806 1040 1892 1066 opere
1914 1032 2069 1058 informetis

1135 1067 1262 1106 eosdem,
1273 1071 1302 1092 ut
1310 1067 1348 1106 ad
1359 1067 1526 1094 solutionem
1537 1067 1746 1102 praedictorum
1758 1071 1906 1101 promptae
1918 1066 2069 1093 voluntatis

1135 1109 1227 1127 animo
1240 1106 1296 1127 sint
1309 1102 1416 1128 intenti.

1546 1154 1619 1174 CAP.
1634 1155 1662 1174 Π.

1133 1188 1286 1212 Privilegium,
1297 1188 1395 1207 decimas
1405 1189 1519 1208 novalium
1530 1188 1664 1212 concedens,
1679 1194 1725 1207 non
1735 1188 1830 1207 includit
1839 1188 1938 1208 decimas
1947 1188 2070 1212 novalium,

1133 1220 1174 1238 per
1183 1214 1240 1233 alios
1250 1219 1361 1238 possessas
1371 1216 1471 1238 tempore
1481 1215 1652 1238 impetrationis,
1669 1216 1691 1234 et
1701 1215 1750 1234 loca
1760 1216 1845 1233 tantum
1856 1214 1960 1238 includit,
1974 1215 2012 1234 ubi
2022 1220 2071 1239 per-

1134 1240 1392 1264 cipiebanturantiquae‚
1400 1240 1454 1259 etad
1464 1241 1590 1264 portionem
1601 1241 1722 1264 antiquam.
1741 1240 1871 1264 adusque
1880 1240 1908 1259 ad
1918 1242 1937 1262 ἓ.
1948 1240 2071 1260 Statuimus

1135 1266 1258 1285 secundum
1270 1266 1360 1285 Domin.
1371 1276 1395 1280 —-
1405 1267 1424 1288 ς.
1435 1267 1452 1285 1.
1468 1266 1613 1289 Privilegium
1624 1266 1761 1286 deeimarum
1776 1266 1897 1289 novalium,
1913 1266 2033 1285 limitatum
2043 1266 2071 1285 ad

1134 1297 1261 1311 mensuram
1279 1292 1433 1316 antiquarum,
1453 1297 1499 1310 non
1518 1294 1590 1315 potest
1608 1292 1667 1311 ultra
1685 1291 1802 1310 dimidiam
1820 1291 1948 1315 includere:
1971 1292 2029 1311 fallit
2047 1292 2071 1311 in

1135 1317 1322 1336 Cisterciensibus
1332 1320 1353 1336 et
1363 1317 1566 1337 Carthusiensibns.
1590 1318 1617 1336 H.
1629 1317 1649 1336 d.
1662 1328 1683 1330 —
1694 1319 1712 1339 §-
1722 1319 1742 1336 2.
1752 1317 1892 1341 Privilegiati
1902 1323 1968 1341 super
1977 1318 2071 1337 decimis

1134 1343 1270 1367 recipiendis
1284 1343 1385 1362 ecclesiis
1403 1343 1570 1367 parochialibus
1583 1344 1652 1367 gratis
1667 1344 1780 1367 assignare
1794 1343 1877 1362 debent
1890 1343 2016 1367 portionem
2030 1349 2070 1367 pro

1134 1369 1216 1388 debitis
1235 1369 1340 1388 oneribus
1359 1369 1522 1393 supportandis.
1554 1370 1582 1388 H.
1598 1369 1618 1388 d.
1635 1369 1772 1388 Dominicus.
1789 1379 1810 1382 μ
1826 1371 1845 1390 ξ.
1860 1370 1879 1388 3.
1898 1369 2013 1393 Decimae,
2031 1375 2071 1393 per

1133 1395 1203 1414 laicos
1212 1397 1264 1414 aute
1275 1395 1426 1414 Laterauense
1436 1395 1557 1414 concilium
1572 1396 1596 1414 in
1610 1395 1700 1414 feudum
1716 1396 1818 1418 receptae
1828 1400 1842 1413 a
1851 1395 1970 1418 religiosis,
1983 1400 2023 1419 per
2032 1400 2071 1414 eos

1134 1421 1262 1445 recognitae
1272 1421 1295 1439 iu
1307 1421 1404 1444 feudum,
1419 1426 1465 1439 uon
1479 1422 1571 1444 possunt
1581 1421 1634 1444 ipsis
1644 1421 1755 1444 religiosis
1765 1420 1859 1439 concedi
1869 1420 1918 1439 sine
1928 1421 2071 1440 dioecesano-

1134 1452 1182 1466 rum
1203 1452 1321 1466 consensu.
1358 1447 1406 1465 Hoc
1425 1447 1487 1465 dicit.
1506 1447 1646 1466 Dominicus.
1665 1456 1690 1459 —
1709 1448 1727 1468 ἓ.
1741 1447 1760 1464 4.
1780 1446 1915 1465 Dioocesani
1935 1447 2072 1470 compellunt

1134 1473 1251 1496 religiosos
1266 1474 1380 1496 exemptos
1395 1472 1482 1491 solvere
1497 1472 1594 1491 decimas
1609 1472 1776 1495 parochialibus
1786 1472 1894 1495 ecclesiis,
1909 1472 1984 1491 sinon
1994 1473 2073 1496 agatur

1134 1499 1161 1517 de
1175 1498 1242 1517 rebus
1257 1499 1373 1522 exemptis.
1400 1499 1449 1517 Hoc
1459 1498 1520 1517 dicit.
1531 1498 1670 1517 Dominicus.
1681 1508 1705 1511 —-
1715 1499 1733 1519 ἓ.
1743 1498 1762 1517 5.
1778 1498 1886 1521 Religiosi
1896 1498 1963 1517 etiam
1973 1499 2072 1522 exempti

1135 1524 1162 1543 de
1177 1524 1355 1548 possessionibus
1370 1524 1486 1548 acquisitis
1499 1526 1522 1543 et
1535 1523 1677 1548 acquirendis
1692 1523 1793 1543 ecelesiis
1808 1523 1974 1547 parochialibus
1984 1524 2073 1543 solvere

1134 1550 1217 1569 debent
1235 1550 1341 1573 decimas,
1359 1549 1378 1568 si
1396 1549 1530 1573 privilegiati
1550 1555 1595 1568 non
1614 1550 1672 1568 sunt.
1699 1550 1727 1568 H.
1742 1549 1764 1568 d.
1778 1549 1918 1568 Dominicus.
1932 1560 1957 1563 —
1970 1551 1989 1572 §-
2004 1550 2022 1568 6.
2036 1549 2072 1569 Ex

1134 1576 1256 1595 donatione
1270 1576 1378 1595 laicorum
1393 1575 1499 1594 habentes
1513 1575 1612 1594 decimas
1626 1575 1735 1599 antiquas.
1751 1575 1842 1594 novales
1851 1575 2036 1599 supervenientes
2046 1576 2071 1596 iu

1355 1601 1433 1621 eodem
1443 1601 1493 1621 loco
1503 1606 1549 1620 non
1559 1601 1692 1626 percipiunt.
1719 1601 1747 1620 H.
1758 1601 1779 1620 d.
1788 1601 1856 1621 Dom.

1462 1659 1656 1687 Alexander
1674 1660 1741 1686 1V.³

1202 1704 1313 1730 Statuto
1321 1703 1334 1721 '¹
1347 1707 1485 1739 perpetuo
1495 1703 1680 1737 declaramus,
1691 1703 1769 1738 quod
1778 1703 1916 1730 indultum
1926 1703 1994 1730 illud
2004 1712 2072 1739 apo·

1137 1812 1206 1841 parte
1217 1816 1259 1840 per
1269 1817 1308 1840 ap.
1322 1809 1372 1833 sed.
1386 1809 1540 1840 diligentiam
1551 1808 1681 1840 provideri,
1700 1809 1767 1840 quod
1778 1808 1878 1833 eaedem
1892 1816 2011 1840 personae
2023 1808 2069 1839 his,

1136 1852 1199 1875 quae
1209 1844 1239 1867 ad
1251 1852 1292 1867 eos
1302 1844 1431 1874 pertinent,
1441 1848 1536 1867 serrata
1546 1851 1642 1874 semper
1651 1843 1775 1873 religionis
1785 1843 1919 1872 honestate,
1933 1847 2070 1873 contentae,

1136 1879 1170 1901 sic
1184 1878 1206 1901 in
1221 1886 1246 1901 se
1259 1878 1317 1909 ipsis
1330 1878 1438 1902 debitam
1453 1878 1476 1901 in
1490 1878 1603 1901 omnibus
1616 1877 1753 1901 custodiant
1768 1878 1920 1907 modestiam,
1937 1878 2002 1909 quod
2013 1878 2074 1902 alios

1137 1913 1257 1936 scandalis
1277 1912 1314 1936 vel
1341 1912 1476 1943 dispendiis
1497 1920 1545 1935 non
1568 1912 1721 1935 conturbent.
1775 1912 1944 1936 Intelleximus
1967 1920 2074 1944 namque

1136 1947 1201 1977 quod
1216 1947 1318 1970 abbates
1328 1955 1383 1970 cum
1397 1947 1524 1977 prioribus,
1542 1954 1603 1977 quos
1614 1946 1637 1969 in
1648 1946 1696 1969 suis
1707 1946 1834 1970 instituunt
1847 1946 2002 1978 prioratibus,
2017 1952 2074 1972 ante

1137 1981 1174 2004 vel
1186 1985 1239 2012 post
1251 1981 1429 2004 iustitutionem
1439 1981 1595 2008 conveniunt,
1609 1985 1633 2004 ut
1645 1981 1736 2004 eisdem
1746 1981 1877 2004 abbatibus
1887 1981 1969 2012 aliqua
1979 1989 2075 2006 summa

1137 2015 1254 2046 pecuniae
1272 2015 1311 2038 vel
1328 2020 1393 2039 certa
1415 2015 1445 2038 de
1463 2015 1644 2046 [proventibus]
1664 2015 1798 2038 eorundem
1820 2015 1972 2046 prioratuum
1994 2016 2074 2047 portio

1137 2050 1295 2081 persolvatur.
1337 2050 1426 2080 Sicquc
1443 2049 1502 2080 ipsis
1519 2049 1640 2080 prioribus
1657 2049 1797 2073 huiusmodi
1816 2050 1945 2081 pecuniam
1961 2050 2001 2074 vel
2017 2059 2074 2082 por-

1136 2084 1227 2107 tionem
1241 2092 1283 2107 seu
1296 2092 1402 2107 annuam
1417 2084 1477 2107 forte
1490 2084 1633 2115 pensionem
1650 2084 1798 2115 impositam,
1819 2084 1869 2108 sive
1886 2085 2008 2108 redituum
2025 2085 2073 2109 sol-

1136 2119 1249 2142 ventibus
1266 2118 1381 2150 praefatis
1398 2119 1540 2147 abbatibus,
1565 2122 1681 2142 consueta
1702 2118 1857 2149 hospitalitas
1879 2123 1902 2142 et
1923 2119 2071 2144 elemosinae

1136 2153 1222 2176 solitae
1239 2153 1263 2176 in
1281 2153 1373 2176 eisdem
1395 2153 1542 2184 prioratibus
1564 2152 1746 2181 subtrahuntur,
1771 2161 1799 2176 ac
1820 2153 1964 2177 diminuitur
1984 2153 2009 2177 in
2025 2154 2075 2178 illis

1136 2195 1251 2211 numerus
1268 2187 1420 2216 servitorum,
1441 2195 1486 2211 nec
1502 2195 1551 2210 non
1569 2187 1702 2210 eorundem
1719 2187 1871 2218 prioratuum
1883 2187 1983 2218 negotia
1994 2188 2074 2212 minus

1136 2222 1240 2246 sollicite
1252 2227 1420 2253 procurantur,
1441 2229 1517 2252 quum
1530 2222 1655 2251 contingat
1668 2229 1697 2244 ex
1713 2221 1760 2245 hoc
1773 2222 1853 2245 minus
1870 2222 1972 2246 idoneos
1988 2222 2013 2246 in
2025 2223 2074 2247 illis

1137 2256 1228 2280 institui
1243 2256 1281 2279 vel
1294 2256 1401 2279 ordinari
1414 2256 1516 2287 priores:
1543 2255 1662 2279 Nonnulli
1677 2256 1750 2279 etiam
1764 2256 1871 2286 religiosi
1884 2257 1992 2288 exempti
2004 2265 2073 2288 prae-

1136 2295 1202 2314 textu
1217 2291 1379 2322 quarumdam
1392 2290 1597 2321 indulgentiarum
1610 2298 1651 2314 seu
1666 2290 1849 2321 privilegiorum
1859 2291 2074 2322 apostol(ic)orum

1136 2325 1171 2348 eis
1181 2329 1235 2356 post
1246 2325 1446 2348 constitutionem
1458 2333 1472 2348 a
1486 2325 1525 2348 fel.
1536 2325 1627 2348 record.
1639 2325 1783 2348 Innocentio
1795 2325 1863 2356 Papa
1869 2325 1914 2348 IV.
1924 2325 2036 2356 praedec.
2046 2333 2070 2350 n.

1137 2359 1201 2383 circa
1214 2364 1341 2390 exemptos
1354 2359 1445 2382 editam
1458 2367 1629 2383 concessorum
1642 2359 1724 2382 venire
1737 2359 1775 2382 vel
1786 2367 1858 2389 agere
1867 2367 1909 2383 seu
1919 2367 2074 2390 praesumere

1137 2398 1222 2417 contra
1243 2394 1442 2417 constitutionem
1464 2398 1603 2417 asseruntur
1624 2393 1736 2417 eandem.
1776 2393 1940 2425 Quamplures
1965 2394 2070 2426 insuper,

1136 2428 1197 2451 sicut
1216 2428 1296 2457 fertur,
1318 2428 1446 2452 occasione
1462 2428 1645 2459 privilegiorum
1662 2427 1831 2459 exemptionis,
1848 2436 1911 2460 quae
1927 2428 2018 2453 habent
2035 2429 2074 2453 vel

1137 2463 1227 2486 habere
1240 2471 1265 2486 se
1278 2463 1369 2491 dieunt,
1391 2462 1510 2486 libertatis
1522 2470 1580 2486 suae
1598 2462 1687 2486 limites
1704 2462 1849 2486 excedentes
1866 2463 1993 2493 privilegia
2009 2463 2071 2495 ipsa,

1137 2505 1167 2520 ne
1180 2498 1269 2520 sciatur
1281 2497 1313 2520 ad
1326 2505 1388 2528 quae
1401 2502 1423 2520 et
1442 2497 1466 2520 in
1479 2502 1599 2528 qnantum
1615 2504 1640 2520 se
1658 2496 1755 2520 illorum
1768 2497 1831 2520 vires
1843 2497 1984 2526 extendunt,
2009 2497 2074 2521 ordi-

1137 2531 1210 2554 nariis
1223 2531 1332 2555 locorum
1346 2531 1474 2555 ostendere
1487 2531 1524 2554 vel
1538 2539 1622 2554 eorum
1636 2530 1714 2554 facere
1727 2531 1823 2562 copiam
1836 2531 2014 2556 contradicunt.
2040 2532 2073 2556 Et

1137 2574 1212 2597 quum
1225 2565 1349 2589 nonnullis
1366 2565 1484 2595 religiosis
1497 2573 1511 2588 a
1524 2565 1581 2589 sede
1593 2573 1632 2596 ap.
1649 2565 1679 2588 sit
1696 2565 1826 2594 indultum,
1847 2569 1873 2589 ut
1890 2566 2015 2590 novalium
2031 2566 2073 2590 de-

1137 2601 1212 2624 cimas
1234 2609 1279 2631 pro
1300 2608 1329 2623 ea
1349 2600 1473 2631 portione,
1499 2608 1562 2631 quae
1586 2603 1678 2623 veteres
1702 2599 1757 2623 illos
1779 2599 1922 2631 contingunt
1947 2601 2072 2632 percipere

1137 2635 1233 2658 valcant
1247 2638 1269 2658 et
1283 2634 1385 2662 haberc;
1399 2635 1443 2665 ipsi
1454 2635 1513 2658 sicut
1525 2634 1664 2665 accepimus
1675 2637 1799 2665 praetextu
1814 2634 1980 2665 indulgentiae
1989 2634 2072 2658 huius-

1138 2669 1204 2692 modi
1222 2677 1307 2692 omnes
1324 2669 1444 2692 interdum
1463 2668 1570 2692 decimas
1588 2668 1625 2692 vel
1643 2668 1760 2692 maiorem
1777 2676 1859 2692 earum
1878 2673 1973 2700 partem
1985 2668 2016 2692 de
2028 2676 2072 2692 no-

1138 2703 1243 2732 valibus,
1268 2703 1478 2734 quemadmodum
1499 2703 1553 2726 illas
1574 2703 1605 2726 de
1626 2703 1748 2726 veteribus
1771 2707 1947 2727 consueverunt
1969 2702 2068 2732 habere,

1137 2738 1273 2769 percipiunt
1286 2737 1317 2760 ad
1331 2737 1467 2768 praeterita,
1489 2737 1626 2768 praesentia
1638 2740 1661 2760 et
1675 2736 1754 2760 futura
1767 2737 1865 2761 novalia
1877 2737 1979 2760 eandem
1991 2737 2071 2760 indul-

1136 2773 1244 2802 gentiam
1262 2772 1426 2795 extendentes.
1476 2771 1644 2795 Intelleximus
1661 2771 1742 2800 etiam,
1768 2771 1834 2802 quod
1855 2779 1931 2802 quum
1951 2770 2071 2801 religiosis

1136 2806 1282 2837 generaliter
1298 2806 1326 2829 sit
1345 2814 1360 2829 a
1382 2806 1432 2829 iure
1454 2806 1612 2837 prohibitum,
1634 2813 1664 2829 ne
1685 2805 1793 2829 decimas
1810 2806 1841 2829 de
1858 2813 1930 2828 manu
1952 2805 2070 2829 laicorum

1137 2841 1243 2872 recipere
1261 2841 1312 2864 sine
1329 2848 1447 2864 consensu
1464 2840 1635 2872 episcoporum
1652 2844 1818 2871 praesumant,
1839 2838 1936 2870 plurimi
1949 2846 2032 2863 eorum
2046 2844 2070 2864 ct

1679 2924 1700 2948 3)
1710 2924 1760 2943 alii:
1773 2922 1789 2942 L
1873 2922 1894 2945 4)
1905 2925 2040 2943 asserentes:
2055 2924 2071 2943 J.

1175 2952 1196 2974 8)
1207 2952 1342 2975 immergunt
1352 2956 1439 2970 errores
1449 2951 1544 2970 animar.
1554 2956 1612 2975 pen:
1626 2949 1642 2969 L
1693 2949 1714 2974 9)
1724 2949 1787 2969 ‹leb-2
1801 2948 1869 2968 deest:
1883 2948 1910 2968 ib.
1965 2949 1997 2973 10)
2007 2950 2070 2970 vob.:

1244 2978 1276 3001 14)
1287 2977 1375 2996 anima:
1388 2976 1424 3000 1⁶¹1*
1437 2976 1505 2996 deest:
1519 2976 1534 2995 L

1189 3071 1242 3090 Tit.
1257 3070 1317 3089 XIII.
1344 3069 1364 3093 1)
1375 3070 1456 3094 primu.
1467 3071 1488 3090 et
1498 3069 1554 3090 obL:
1569 3067 1635 3089 deest:
1649 3066 1753 3088 ABDEFG

1191 3096 1253 3121 Cap.
1267 3097 1284 3117 1.
1312 3095 1333 3120 t)
1347 3096 1386 3115 x.:
1400 3095 1437 3114 AD
