2243 3288
112 191 181 219 1265

702 272 753 298 Per
770 272 823 297 hoc
838 276 930 297 tamen
944 279 999 296 non
1012 271 1050 296 in-

946 306 1051 331 Datum

117 270 251 296 oblationi
267 270 426 296 huiusmodi
445 271 665 297 condescendas.

115 305 255 331 tendimus
277 305 510 331 consuetudinem
534 307 693 340 approbare
718 306 898 340 praedictam.

115 339 244 365 Avinion.
258 339 291 365 V.
298 340 309 357 ³
323 339 387 365 Idus
401 340 517 366 Octobr.
530 341 609 366 I‘ont.
623 341 710 366 nostri
723 341 776 366 Ao.
790 341 821 366 ΙΙ.

512 444 528 464 C
536 444 554 463 A
560 445 586 463 P.
600 444 638 464 xt.
645 443 653 457 ¹

115 486 187 508 Quum
206 486 322 505 Romanus
335 487 439 505 Pontifex
459 492 498 510 pro
517 487 626 506 eeclesiae
645 488 760 506 Romanae
779 485 950 505 necessitatibus
970 487 1052 505 fructus

115 512 275 531 beneficiorum
289 513 417 531 vacantium
433 518 503 536 usque
517 513 545 532 :id
560 515 645 532 certum
660 515 746 536 teinpus
761 514 906 531 reservasset:
921 513 981 531 ciri-:i
991 513 1051 531 iliani

183 539 358 558 reservationem
369 538 479 562 plui-imao
489 539 646 562 ambiguitates
657 540 718 558 ortae
729 540 786 562 sunt,
798 543 852 562 quas
863 538 899 557 liic
909 538 983 557 solvit.

535 597 634 623 Idem.

184 648 277 682 Quum
294 649 443 675 nonnullae
461 648 667 675 ecclesiasticae
686 656 834 682 personae,
848 648 875 673 in
888 648 1052 674 cathedrali—

114 682 167 708 bus
179 683 304 709 ecclesiis
316 683 697 717 canonicatus,praebendas,
705 683 866 715 dignitates,
877 688 1052 716 personatus,

115 722 143 743 et
156 717 250 743 officia
262 726 294 743 ac
306 718 361 743 alia
376 718 515 744 beneficia
532 717 722 743 ecclesiastica
736 717 905 749 obtinentes,
920 726 1050 743 revocare

115 757 251 777 conentur
269 753 295 777 in
313 752 438 784 dubium,
452 760 488 777 an
501 752 617 784 fructus,
630 751 737 777 reditus
756 756 783 777 et
801 756 953 785 proventus
972 752 1051 785 primi

115 786 179 811 anni
193 787 395 812 beneficiorum
405 786 659 812 ecclesiasticorum
669 785 754 811 etiam
764 786 930 818 vacantium,
941 790 969 811 et
981 795 1052 819 quae

114 821 142 846 in
161 820 278 846 diversis
297 821 372 847 orbis
390 821 516 854 partibus
535 828 625 854 usque
641 820 679 845 ad
702 820 849 846 triennium
870 829 970 846 vacare
988 829 1052 846 con-

113 855 245 888 tingeret,
268 863 339 889 quos
362 863 412 889 pro
435 854 572 880 ecclesiae
593 855 738 880 Romanae
762 855 977 880 necessitatibus
1003 863 1053 889 per

114 894 225 915 nostras
239 890 291 915 sub
305 894 381 915 certa
395 889 485 914 forma
497 889 592 915 literas
611 889 739 914 duximus
753 889 963 921 reservandosss,
978 889 1052 915 iuxta

114 928 242 950 tenorem
254 924 416 949 literarum'
411 932 534 957 ipsarum
547 931 676 949 camerae
689 928 801 949 nostrae
816 924 924 949 solvere
939 928 1051 949 teneam

114 962 168 990 tur,
190 958 357 992 praesertim
379 966 464 991 quum
485 957 740 992 archiepiscopales
759 962 787 983 et
809 958 984 992 episcopales
1007 966 1051 984 ec-

113 992 230 1025 clesiae,
256 1001 289 1018 ac
319 993 463 1026 regulares
493 993 625 1018 abbatiae
655 993 691 1018 ab
722 992 882 1018 huiusmodi
913 992 1052 1018 solutione

112 1027 278 1058 fructuum³‚
292 1031 322 1052 ut
340 1027 444 1059 dicunt,
458 1027 485 1052 in
504 1027 584 1052 dictis
602 1027 688 1052 literis
707 1027 874 1052 eximantur:
896 1035 957 1059 nos,
972 1026 1050 1052 dubi-

113 1061 249 1087 tationem
266 1061 426 1087 huiusmodi
443 1065 589 1095 amputare
606 1061 743 1093 volentes,
757 1061 921 1087 auctoritate
939 1066 1051 1095 aposto-

113 1095 167 1121 lica
184 1095 369 1128 declaramus,
384 1095 470 1129 quod,
484 1104 570 1129 quum
587 1096 639 1121 sub
657 1096 847 1129 appellatione
865 1096 1051 1129 archiepisco-

112 1129 184 1163 palis
213 1130 259 1155 vel
287 1130 457 1164 episcopalis
487 1130 637 1161 ecclesiae,
665 1135 713 1155 aut
741 1130 877 1163 regularis
910 1130 1052 1161 abbatiae,

113 1164 275 1190 huiusmodi
304 1164 499 1198 praebendae,
525 1165 690 1198 dignitates,
715 1169 882 1198 personatus
907 1169 935 1190 et
960 1164 1052 1189 officia

112 1207 292 1233 nequaquam
306 1199 506 1232 intelligantur,
519 1207 572 1224 nec
585 1199 670 1224 etiam
683 1199 868 1231 includantur,
881 1199 1052 1232 praedictos,

112 1241 166 1259 nec
179 1242 235 1258 non
246 1239 274 1259 et
287 1233 521 1267 praebendarum,
532 1238 560 1259 et
571 1233 726 1258 officiorum
736 1234 946 1265 monachorum,
957 1241 1052 1258 mona-

113 1268 263 1293 steriorum
280 1268 461 1301 regularium,
479 1275 511 1293 ac
528 1267 634 1293 reditus
652 1267 827 1293 abbatiarum
845 1276 895 1294 seu
917 1268 1052 1293 abbatum

114 1302 282 1334 earundem,
309 1310 382 1335 quae
411 1302 438 1327 in
468 1302 612 1327 beneficiis
642 1302 839 1328 ecclesiasticis
865 1302 1052 1335 assignantur,

114 1336 262 1362 distinctos
284 1336 400 1368 fructus,
418 1336 524 1362 reditus
547 1341 574 1362 et
596 1341 748 1370 proventus
771 1336 873 1362 includi
890 1336 918 1361 in
936 1336 1052 1370 deputa-

114 1371 190 1396 tione
204 1370 356 1404 praedicta,
369 1375 398 1396 et
411 1370 503 1396 dictae
516 1379 644 1396 camerae
656 1371 730 1396 iuxta
743 1371 948 1404 praedictarum
961 1371 1052 1396 litera-

115 1413 177 1430 rum
191 1409 317 1430 tenorem
331 1405 436 1431 debere
453 1405 585 1438 persolvi.
620 1406 662 1430 Ac
680 1405 708 1430 id
727 1405 802 1430 idem
815 1413 900 1438 super
914 1404 1052 1430 solutione

114 1439 238 1465 oninium
252 1440 401 1471 fructuum,
413 1440 552 1465 redituum
563 1444 591 1465 et
604 1444 791 1473 proventuum
804 1439 1052 1465 commendataria-

114 1482 184 1506 rum,
199 1478 327 1499 curtuum
341 1482 390 1500 seu
404 1474 592 1508 grangiarum,
605 1474 849 1505 monasteriorum,
863 1474 1011 1499 domorum
1024 1478 1051 1499 et

114 1508 239 1534 locorum
253 1508 488 1540 conventualium,
499 1516 572 1542 quae
586 1516 636 1542 pro
650 1508 794 1534 beneficiis
805 1508 1011 1540 ecclesiasticis,
1023 1513 1052 1533 ut

115 1542 293 1577 praedicitur,
307 1543 506 1575 conceduntur,
518 1542 581 1575 (nisi
595 1542 748 1568 duntaxat
742 1551 770 1568 in
783 1542 918 1568 fructibus
932 1543 1051 1575 illorum,

116 1586 188 1611 quae
202 1582 265 1602 sunt
279 1577 375 1603 forsan
393 1578 530 1611 excepta,)
555 1577 730 1602 declaramus
752 1581 781 1602 et
798 1577 985 1611 praecipimus
1003 1577 1051 1602 ob—

115 1620 177 1637 serv
180 1611 229 1637 ari.
266 1612 415 1637 Praeterea
434 1620 519 1645 quum
538 1611 565 1636 in
582 1611 722 1645 aliquibus
740 1611 865 1637 ecclesiis
884 1616 941 1637 tam
959 1612 1051 1637 cathe-

115 1646 238 1671 dralibus
255 1654 338 1684 quam
352 1646 412 1671 aliis
431 1647 511 1680 panis
530 1651 557 1671 et
574 1650 658 1679 potus
672 1654 722 1679 pro
737 1646 906 1684 quotidianis
921 1646 1051 1671 distribu-

114 1681 237 1706 tionibus
267 1689 390 1718 ipsarum
421 1680 602 1706 ecclesiarum
631 1680 770 1706 canonicis
800 1686 827 1706 et
856 1680 984 1714 personis
1016 1680 1051 1706 de

114 1714 340 1753 praebendarum
362 1723 484 1748 ipsarum
506 1714 669 1748 corporibus
688 1723 738 1748 pro
757 1714 802 1740 die
821 1715 946 1748 quolibet
964 1714 1051 1748 depu-

115 1754 197 1781 tetur,
209 1754 235 1775 et
250 1749 334 1775 etiam
347 1749 486 1775 interdum
500 1754 576 1774 certa
590 1749 729 1782 quantitas
742 1749 828 1781 bladi,
839 1754 867 1774 et
881 1749 1051 1782 quandoque

115 1784 207 1809 certa⁴
221 1784 357 1817 pecuniae
371 1792 488 1815 summa,
499 1788 527 1809 et
539 1783 692 1822 aliquando
706 1783 823 1809 alterum
837 1791 888 1821 pro
899 1784 986 1809 altero
1000 1792 1050 1817 pro

115 1818 231 1851 singulis
243 1818 386 1843 mensibus
397 1818 441 1843 vel
452 1817 639 1843 hebdomadis
650 1818 735 1843 etiam
745 1826 884 1843 canonicis
895 1818 1051 1843 studiorum

114 1861 198 1878 causa
217 1857 263 1878 aut
281 1852 350 1878 alias
372 1861 422 1886 pro
441 1860 537 1878 eorum
555 1852 675 1885 negotiis
693 1852 728 1878 de
742 1852 853 1878 licentia
866 1852 1052 1886 capitulorum

115 1886 297 1913 ecclesiarum
324 1887 447 1925 ipsarum
471 1887 508 1912 ab
533 1886 658 1912 ecclesiis
683 1886 792 1912 eisdem
817 1887 980 1912 absentibus
1005 1895 1050 1912 ex-

114 1921 264 1947 hibeantur
289 1926 317 1946 et
341 1921 426 1947 etiam
450 1921 656 1959 persolxantur:
688 1921 861 1946 declaramus
886 1921 1051 1946 auctoritate

114 1956 267 1990 praedicta,
290 1955 364 1980 illam
386 1955 463 1981 bladi
485 1955 669 1989 quantitatem
691 1959 719 1981 et
743 1956 878 1989 pecuniae
903 1964 1051 1994 summam,

114 1998 188 2024 quae
211 1999 260 2023 pro
284 1990 410 2023 quolibet
428 1998 526 2015 mense
544 1989 588 2015 vel
605 1989 785 2015 hebdomada
802 1990 883 2015 dictis
901 1989 1051 2021 canonicis,

113 2030 143 2050 ut
168 2024 348 2058 praedicitur,
369 2024 570 2056 ministrantur,
592 2032 647 2049 non
675 2024 779 2049 debere
804 2032 854 2057 pro
881 2024 1051 2057 quotidianis

114 2059 357 2084 distributionibus
376 2058 542 2092 computari,
560 2058 611 2084 sed
631 2058 677 2083 illa
694 2063 811 2090 tantum,
830 2066 901 2092 quae
919 2058 1051 2092 praefatis

113 2093 255 2119 canonicis
270 2093 394 2126 quotidie
408 2101 458 2126 pro
474 2093 579 2118 diurnis
594 2096 621 2118 et
634 2093 777 2118 nocturnis
792 2093 867 2118 horis
883 2092 1051 2118 distribuun-

114 2132 157 2153 tur
171 2128 231 2153 sine
242 2127 349 2153 fraude.
374 2127 547 2152 Adiicimus
542 2127 673 2160 insuper5
686 2127 868 2152 declarationi
881 2127 1051 2160 praedictae,

115 2162 201 2196 quod,
217 2162 238 2187 si
257 2162 394 2187 obtinenti
413 2166 539 2187 curatum
557 2161 725 2187 beneficium
743 2161 818 2186 aliud
836 2161 888 2186 sibi
907 2161 1051 2186 consimile

113 2197 173 2222 coll
169 2201 245 2221 itum
264 2196 355 2227 fuerit,
374 2196 418 2221 vel
435 2197 520 2221 etiam
538 2195 564 2221 iri
582 2200 727 2229 posterum
745 2195 912 2227 conferatur,
926 2200 990 2229 post
1008 2203 1050 2221 se-

114 2230 216 2256 cundib'
238 2230 382 2264 pacificam
401 2231 611 2264 possessionem
629 2229 777 2263 adepta1n¹
796 2234 823 2256 et
837 2229 976 2255 fructuum
990 2238 1050 2263 per-

114 2265 274 2304 ceptionem
287 2265 384 2298 ipsius,
398 2265 465 2290 nihil
479 2265 514 2290 de
529 2264 663 2290 fructibus
677 2264 804 2290 eiusdem
818 2264 898 2302 primi
912 2264 1050 2296 beneficii,

113 2300 165 2325 nisi
187 2299 281 2324 forsan
303 2307 388 2337 super
409 2299 462 2324 hoc
480 2298 691 2332 dispensatione
709 2299 844 2324 canonica
862 2299 897 2323 sit
919 2298 1051 2330 munitus,

112 2333 258 2368 percipere
273 2334 374 2367 possit·
393 2333 443 2358 sed
462 2341 511 2371 pro
526 2333 600 2358 dicta
613 2341 723 2358 camera
736 2337 832 2358 nostra
845 2333 920 2358 iuxta
933 2333 1052 2358 sormam

112 2369 249 2394 dictarum
263 2368 406 2393 literarum
419 2367 590 2401 recipiantur
601 2372 629 2393 et
642 2367 726 2392 etiam
738 2367 892 2400 exigantur.
918 2367 973 2393 Ubi
985 2375 1050 2392 vero

112 2403 260 2434 fructuum,
275 2403 414 2428 redituum
428 2407 456 2428 et
469 2406 656 2435 proventuum
670 2401 870 2427 beneficiorum
884 2401 1051 2427 ecclesiasti-

115 2446 211 2463 corum
225 2445 280 2462 non
294 2437 464 2470 reperiretur
477 2441 553 2462 certa
567 2436 682 2461 taxatio:
698 2436 871 2461 declaramus
885 2436 1051 2461 auctoritate

114 2471 266 2505 praedicta,
286 2471 362 2504 quod
380 2470 495 2502 fructus,
514 2470 619 2496 reditus
634 2475 661 2496 et
680 2475 832 2503 proventus
850 2470 1050 2496 beneficiorum

114 2505 283 2537 huiusmodi,
297 2513 383 2538 quuin
396 2513 495 2531 vacare
509 2505 666 2537 contigerit,
680 2513 730 2538 pei
743 2505 866 2530 inedium
884 2504 1051 2536 dixidantur,

115 2549 233 2574 quorum
246 2540 383 2565 medietas
397 2539 548 2573 recipiatur
561 2548 611 2573 pro
625 2547 734 2564 camera
748 2539 900 2577 praedicta,
914 2538 1051 2577 reliquam

114 2584 181 2601 vero
199 2574 382 2600 medietatem
404 2574 450 2599 ille
472 2582 523 2607 pro
542 2582 592 2599 sua
611 2574 815 2599 sustentatione
837 2573 981 2611 percipiat,
1004 2573 1050 2607 qui

113 2609 280 2635 beneficium
291 2608 450 2633 huiusmodi
462 2608 637 2641 dignoscitur
647 2608 783 2633 obtinere.
809 2607 946 2640 Grangias
957 2611 1051 2633 autem

113 2649 142 2670 et
155 2644 209 2669 alia
223 2643 283 2668 loca
297 2643 491 2668 Cisterciensis
510 2642 616 2667 ordinis
634 2646 662 2668 et
675 2642 792 2667 aliorum
805 2642 929 2667 locorum
943 2642 1050 2675 regula-

113 2679 194 2710 rium,
208 2678 235 2703 in
254 2677 355 2711 quibus
374 2677 577 2710 gubernatores
595 2685 645 2702 seu
664 2676 796 2702 custodes
814 2676 859 2702 xel
876 2676 1050 2701 administra-

113 2717 188 2739 tores
202 2716 350 2751 ⁴ponuntur
372 2711 408 2736 ad
431 2716 543 2745 tempus
566 2715 594 2736 et
615 2715 794 2736 removentur
818 2710 854 2735 ad
878 2710 1051 2736 voluntatem

113 2747 289 2785 superiorum
303 2754 427 2777 suorum,
441 2753 595 2779 eorumque
608 2745 724 2777 fructus,
738 2745 843 2771 reditus
858 2749 885 2770 et
899 2750 1050 2778 proventus

113 2781 278 2808 auctoritate
297 2781 472 2806 declaramus
491 2779 591 2805 eadem
609 2779 637 2804 in
655 2779 837 2818 deputatione
855 2779 998 2813 praedicta
1019 2787 1051 2805 ac

112 2817 200 2842 literis
218 2815 320 2841 nostris
339 2823 423 2848 super
441 2814 487 2839 illa
511 2813 645 2839 confectis
663 2814 839 2847 aliquatenus
862 2821 918 2838 non
938 2813 1051 2839 includi.

113 2851 187 2876 Nulli
201 2859 268 2883 ergo
283 2849 395 2875 omnino
409 2853 462 2875 etc.
491 2848 597 2874 Datum
609 2848 738 2874 Avinion.
752 2848 840 2874 Nonis
854 2848 959 2874 Ianuar.
972 2848 1052 2874 Pont.

112 2885 201 2912 nostri
215 2885 267 2910 Ao.
281 2884 344 2910 1V.8
358 2883 502 2918 [1319,=70.]

163 2980 216 3000 Tit.
230 2980 258 2999 11.
287 2979 349 3003 oap.
363 2979 390 2998 Χ.
417 2976 537 3001 3)V1..i[

164 3006 225 3030 Cap.
239 3006 278 3025 XI.
306 3006 326 3029 1)
336 3004 359 3024 M
383 3003 403 3028 ¹2)
414 3004 564 3027 deputandos·
580 3002 604 3023 M
648 3002 669 3027 3)
680 3003 803 3022 redituum:
818 3002 844 3022 ἸΊἸ.

114 3032 135 3058 5)
146 3033 225 3052 etiam:
239 3032 266 3051 ib.
320 3031 340 3055 6)
350 3030 413 3050 add:
428 3030 543 3050 beneficii:
557 3029 584 3049 sb.
638 3029 659 3054 ’1)
669 3029 773 3054 adeptus:
787 3029 814 3049 ib.

188 3075 274 3101 Corpus
288 3075 330 3095 iur.
346 3079 396 3094 cau.
423 3072 460 3092 Ed.
476 3072 592 3097 Fricdlecrq.
620 3073 647 3092 T.
658 3072 686 3093 11.

888 3002 910 3026 4)
920 3005 1006 3023 eei-tae:
1019 3003 1047 3024 t'b.

867 3028 950 3053 8)111.:
964 3029 991 3048 ὥ.

335 192 553 220 EXTRAVAG.
573 193 746 220 COMMUN.
765 193 831 220 LIB.
850 195 894 220 ΙΙΙ.
913 193 982 220 TIT.
1002 193 1033 220 II.
1053 194 1104 220 DE
1123 194 1353 221 PRAEBENDIS
1372 195 1421 221 ET
1439 195 1628 221 DIGNITAT.
1649 203 1672 222 c.
1694 203 1802 229 11—13.

1958 194 2024 222 1266

1480 274 1496 293 C
1504 274 1522 293 A
1528 274 1553 293 P.
1568 274 1617 293 XII.
1624 272 1632 287 ¹

1086 307 1181 326 Frui-tiis
1195 308 1310 327 amborum
1325 307 1492 332 beneficiorum,
1511 309 1590 332 quibus
1605 309 1738 332 quandoque
1757 308 1903 328 beneficiatus
1917 308 2024 333 privatur,

1354 339 1456 353 camerae
1466 335 1602 358 apostolicae
1613 335 1754 359 deputantur.

1505 385 1604 411 Idem.

1154 428 1245 460 Quum
1255 427 1404 453 nonnullae
1414 427 1681 461 ecclesiasticae·pe1·
1684 436 1769 454 sonae
1780 436 1827 453 rev
1830 435 1912 454 ocare
1923 435 2023 454 conen-

1088 465 1131 486 tur
1149 461 1175 486 in
1193 461 1318 493 dubium,
1336 470 1380 493 an,
1398 462 1420 487 si
1438 462 1575 488 obtinenti
1594 462 1759 495 dignitatem
1776 462 1821 488 vel
1842 462 1917 488 aliud
1938 462 2023 488 bene-

1088 495 1179 521 ficium
1201 495 1433 526 ecclesiasticum,
1456 496 1498 521 cui
1523 505 1589 522 cura
1613 496 1738 522 imminet
1763 497 1925 529 animarum,
1947 496 2023 522 aliud

1087 530 1254 556 beneficium
1267 530 1434 562 conferatur,
1444 538 1478 556 eo
1489 538 1564 563 casu,
1577 539 1633 564 quo
1644 531 1727 556 ambo
1740 531 1895 557 beneficia
1890 539 1951 565 ipsa
1964 538 2024 556 suc-

1088 565 1195 590 cessive
1208 573 1308 590 vacare
1320 564 1464 597 contingit,
1479 551 1633 591 eoruiidem
1647 565 1794 591 amborum
1811 565 1916 591 fructus
1934 565 2023 599 primo

1087 607 1169 631 anno,
1187 607 1243 632 quo
1260 604 1369 630 vacant,
1387 599 1494 624 ratione
1511 599 1701 632 deputationis
1720 600 1868 632 fructuum,
1885 599 2025 626 redituum

1088 638 1115 658 et
1138 637 1324 666 proventuum
1346 633 1599 659 ecclesiasticorum
1625 639 1689 659 tunc
1710 634 1876 666 vacantium,
1902 638 1930 660 et
1952 641 2025 667 quae

1088 676 1177 700 usque
1195 667 1231 692 ad
1254 672 1360 693 certum
1378 672 1488 701 tempus
1506 676 1606 693 vacare
1624 668 1808 701 contingeret,
1823 677 1892 702 quos
1910 676 1961 702 pro
1979 676 2023 693 ec-

1088 702 1190 727 clesiae
1201 702 1345 727 Romanae
1356 702 1569 727 necessitatibus
1581 702 1737 728 relevandis
1748 711 1798 736 per
1807 708 1917 728 nostras
1928 702 2023 728 literas

1088 736 1215 761 duximus
1230 736 1416 769 deputandos,
1430 741 1543 762 nostrae
1557 745 1684 762 camerae
1699 736 1868 762 debeantur:
1891 745 1952 769 nos,
1965 745 2022 762 am-

1086 770 1252 803 biguitatem
1270 770 1430 796 huiusmodi
1452 779 1598 796 removere
1615 771 1752 803 volentes,
1769 772 1934 797 auctoritate
1956 779 2023 804 apo-

1088 805 1185 830 stolica
1206 804 1391 837 declaramus,
1410 805 1556 830 amborum
1575 805 1729 831 eorundem
1748 805 1947 831 beneficiorum
1969 806 2024 830 fru-

1087 844 1157 871 ctus,
1171 839 1277 864 reditus
1296 844 1323 865 et
1341 843 1503 873 proventus,
1518 848 1603 873 quum
1621 844 1770 873 utrumque
1788 840 1912 873 ipsorum
1933 844 2025 871 vacet,

1088 881 1138 908 pro
1152 873 1253 899 eadem
1266 882 1377 899 camera
1390 873 1496 900 debere
1510 874 1615 908 percipi
1629 878 1658 900 et
1671 873 1776 900 liaberi.
1802 874 1875 900 Nulli
1889 882 1957 908 ergo
1971 878 2024 900 etc.

1474 951 1547 971 CAP.
1562 950 1637 971 lund

1086 986 1235 1010 Dispositioni
1250 986 1387 1010 apostolicae
1406 988 1548 1005 reservantur
1567 986 1677 1005 beneficia
1695 986 1820 1010 curialium,
1839 988 1861 1005 et
1875 986 1977 1009 aliorum,
1997 985 2025 1005 ad

1087 1013 1172 1032 curiam
1183 1012 1338 1031 accedentium
1348 1012 1383 1030 vel
1394 1012 1421 1030 ab
1434 1018 1460 1031 ea
1470 1012 1630 1035 recedentium,
1642 1013 1661 1031 si
1671 1012 1796 1030 moriantur
1806 1013 1829 1031 in
1839 1012 1894 1031 locis
1904 1013 1962 1031 ultra
1972 1013 2027 1032 duas

1283 1038 1354 1057 dietas
1364 1037 1448 1062 legales
1458 1038 1485 1056 ab
1496 1038 1544 1061 ipsa
1554 1038 1616 1057 curia
1626 1043 1672 1056 nou
1682 1038 1823 1057 distantibus.

1412 1088 1619 1114 Benedictus
1637 1089 1697 1114 XII.

1155 1131 1200 1156 Ad
1226 1131 1352 1165 regimen
1378 1131 1515 1156 ecclesiae
1543 1130 1682 1170 generalis
1708 1139 1869 1170 quanquam
1894 1131 2025 1158 immeriti

1088 1173 1209 1199 superna
1223 1165 1408 1199 dispositione
1421 1165 1521 1198 vocati,
1532 1165 1655 1199 gerimus
1669 1165 1696 1191 in
1708 1166 1810 1191 nostris
1825 1165 1981 1198 desideriis,
1995 1171 2025 1191 ut

1088 1200 1234 1232 debemus,
1249 1200 1325 1233 quod
1343 1208 1394 1233 per
1406 1204 1520 1225 nostrae
1533 1200 1696 1238 diligentiae
1708 1200 1831 1225 studium
1845 1200 1880 1226 ad
1895 1209 2024 1234 quarum-

1087 1234 1156 1260 libet
1166 1235 1347 1260 ecclesiarum
1357 1239 1386 1260 et
1395 1234 1629 1260 monasteriorum
1639 1235 1775 1268 regimina
1785 1239 1813 1260 et
1823 1235 1877 1260 alia
1886 1235 2024 1261 beneficia

1088 1269 1279 1294 ecclesiastica
1296 1269 1372 1294 iuxta
1389 1268 1513 1294 divinum
1530 1255 1747 1302 beneplacitum,
1761 1273 1790 1295 et
1806 1274 1919 1295 nostrae
1937 1269 2025 1295 inten-

1088 1303 1170 1328 tionis
1188 1303 1320 1329 affectum
1337 1303 1387 1328 viri
1405 1307 1582 1328 assumantur
1600 1303 1703 1335 idonei,
1720 1303 1774 1342 qui
1784 1304 1908 1337 praesint
1921 1308 1949 1329 et
1962 1312 2024 1337 pio-

1088 1337 1143 1362 sint
1169 1337 1377 1363 committendis
1402 1337 1441 1363 eis
1467 1337 1603 1370 ecclesiis,
1624 1337 1800 1363 monasteriis
1826 1342 1855 1363 et
1879 1338 2023 1364 beneficiis

1088 1372 1259 1405 praelibatis.
1294 1372 1516 1397 Praemissorum
1532 1372 1645 1405 itaque2
1667 1372 1893 1410 consideratione
1911 1373 2026 1404 inducti,

1088 1411 1116 1432 et
1130 1406 1313 1432 suadentibus
1327 1406 1407 1432 nobis
1421 1406 1481 1432 aliis
1493 1406 1703 1432 rationabilibus
1718 1406 1819 1438 causis,
1830 1407 2026 1432 nonnullorum

1088 1440 1340 1474 praedecessorum
1352 1445 1512 1466 nostrorum
1522 1440 1713 1466 Romanorum
1723 1441 1888 1466 Pontificum
1898 1441 2024 1474 vestigiis

1088 1475 1274 1507 inhaerentes,
1285 1483 1383 1501 omnes
1394 1475 1602 1514 patriarchales,
1613 1475 1867 1509 archiepiscopales
1878 1480 1905 1501 et
1916 1476 2025 1509 episco-

1088 1509 1165 1543 pales
1184 1495 1326 1541 ecclesias,
1345 1514 1373 1535 et
1391 1510 1476 1535 etiam
1492 1510 1673 1548 monasteria,
1696 1510 1844 1543 prioratus,
1862 1510 2025 1543 dignitates,

1087 1548 1254 1577 personatus
1268 1548 1296 1569 et
1309 1543 1409 1575 officia,
1422 1552 1474 1570 nec
1487 1552 1544 1569 non
1557 1544 1744 1576 canonicatus,
1756 1549 1785 1570 et
1798 1544 1984 1578 praebendas,
1998 1549 2025 1570 et

1088 1578 1222 1604 ecclesias
1236 1583 1387 1611 ceteraque
1401 1578 1537 1604 beneficia
1550 1578 1740 1604 ecclesiastica
1753 1587 1815 1604 curn
1829 1587 1894 1604 cura
1906 1578 1951 1604 vel
1965 1586 2025 1604 sine

1087 1621 1161 1644 cura,
1175 1613 1329 1638 saecularia
1346 1617 1373 1638 et
1394 1613 1542 1645 regularia,
1561 1621 1747 1646 quaecunque
1769 1617 1797 1638 et
1820 1613 2026 1646 qualiacunque

1087 1647 1198 1679 fuerint,
1213 1647 1323 1673 etiamsi
1337 1647 1374 1672 ad
1391 1647 1437 1672 illa
1451 1655 1591 1680 personae
1605 1647 1801 1673 consueverint
1814 1656 1863 1673 seu
1877 1647 2026 1673 debuerint

1087 1689 1138 1715 per
1159 1681 1327 1707 electionem
1350 1689 1399 1707 seu
1419 1681 1548 1719 quemvis
1570 1681 1655 1707 alium
1677 1681 1792 1707 modum
1814 1682 1929 1720 assumi,
1951 1689 2024 1707 nunc

1087 1715 1162 1749 apud
1185 1716 1283 1741 sedern
1304 1715 1490 1749 apostolicam
1509 1724 1677 1750 quocunque
1695 1716 1779 1741 modo
1797 1716 1934 1754 vacantia,
1952 1720 1980 1742 et
1998 1716 2025 1741 in

1087 1755 1232 1783 posterum
1244 1755 1389 1781 vacatiira;
1403 1758 1454 1776 nec
1467 1758 1524 1775 non
1537 1759 1588 1784 per
1602 1750 1825 1784 dispositionem,
1835 1751 1880 1776 vel
1894 1750 1954 1784 priv
1956 1750 2024 1776 atio-

1086 1792 1160 1816 nem,
1174 1793 1224 1810 seu
1238 1785 1457 1816 translationem,
1471 1789 1519 1810 aut
1536 1785 1658 1810 muneris
1677 1785 1894 1810 consecrationis
1909 1793 2025 1818 suspen-

1087 1818 1209 1850 sionem,
1234 1827 1285 1852 per
1310 1818 1397 1844 felicis
1422 1818 1624 1844 recordationis
1650 1820 1783 1845 Ioannem
1808 1820 1913 1853 Papam
1936 1819 2024 1845 XXII.

1087 1853 1336 1886 praedecessorem
1354 1858 1481 1878 nostrum
1499 1862 1548 1879 seu
1561 1855 1621 1879 eius
1640 1854 1805 1879 auctoritate
1823 1853 1920 1885 factas,
1933 1858 1961 1879 et
1975 1862 2025 1887 per

1087 1895 1138 1912 nos
1157 1895 1207 1913 seu
1225 1887 1391 1913 auctoritate
1409 1892 1504 1913 nostra
1521 1888 1548 1913 iri
1566 1892 1650 1914 antea
1663 1888 1806 1914 faciendas
1821 1888 1950 1919 ubilibet;
1973 1896 2026 1913 nec

1087 1930 1142 1947 non
1165 1922 1187 1946 si
1209 1921 1303 1947 forsan
1326 1927 1453 1956 tempore
1475 1921 1530 1947 iam
1552 1922 1619 1948 dicti
1640 1922 1868 1956 praedecessoris
1889 1923 1975 1956 aliqui
1997 1922 2025 1947 in

1088 1956 1237 1981 concordia
1250 1956 1294 1981 vel
1313 1956 1454 1981 discordia
1472 1956 1553 1982 electi
1567 1957 1612 1982 vel
1629 1957 1762 1990 postulati
1781 1956 1891 1989 fuerint,
1905 1965 2024 1990 quorum

1087 1990 1187 2016 electio
1206 1995 1316 2016 cassata
1334 1998 1383 2016 seu
1400 1990 1553 2024 postulatio
1571 1991 1693 2024 repulsa,
1708 1991 1752 2016 vel
1770 1999 1821 2024 per
1834 1999 1883 2016 eos
1897 1991 1970 2016 facta
1983 1999 2024 2016 re-

1087 2024 1227 2049 nunciatio
1241 2029 1269 2050 et
1282 2024 1407 2050 admissa
1420 2033 1470 2058 per
1483 2025 1575 2058 ipsum
1589 2025 1838 2058 praedecessorem
1849 2025 1893 2050 vel
1906 2025 2024 2050 auctori-

1087 2063 1144 2084 tate
1166 2059 1252 2092 ipsius
1275 2059 1441 2091 exstiterint,
1460 2067 1509 2084 seu
1527 2067 1646 2092 quorum
1665 2059 1819 2084 electorum
1837 2059 1881 2085 vel
1899 2060 2025 2092 postula-

1087 2098 1192 2125 torum,
1218 2097 1246 2118 et
1271 2093 1299 2118 in
1323 2097 1406 2119 antea
1435 2093 1630 2126 eligendorum
1655 2101 1704 2119 seu
1733 2093 1966 2127 postulandorum
1991 2101 2024 2119 ac

1087 2127 1307 2152 renunciantium
1321 2127 1489 2153 electionem
1503 2127 1615 2159 cassari,
1626 2127 1670 2153 vel
1684 2128 1902 2161 postulationem
1915 2128 2022 2161 repelli,

1087 2166 1134 2187 aut
1151 2161 1391 2187 renunciationem
1408 2161 1517 2187 admitti
1540 2170 1590 2195 per
1608 2170 1658 2187 rios
1676 2162 1720 2187 vel
1742 2163 1907 2188 auctoritate
1928 2166 2024 2188 nostra

1087 2196 1263 2229 contingeret
1276 2195 1351 2229 apud
1365 2196 1462 2222 sedem
1476 2196 1660 2230 praedictam,
1671 2196 1715 2222 vel
1728 2196 1793 2222 alibi
1804 2196 1978 2230 ubicunque3
1990 2204 2024 2222 ac

1087 2230 1170 2256 etiam
1188 2238 1239 2263 per
1257 2230 1364 2255 obitum
1382 2230 1564 2256 cardinalium
1582 2230 1709 2256 eiusdem
1726 2231 1862 2257 ecclesiae
1880 2231 2024 2256 Romanae

1087 2273 1119 2290 ac
1137 2264 1298 2290 officialium
1316 2264 1408 2290 dictae
1426 2264 1512 2297 sedis,
1529 2265 1661 2290 videlicet
1683 2265 1837 2297 camerarii,
1854 2265 2022 2292 vicecancel-

1087 2299 1157 2331 larii,
1179 2299 1360 2331 notariorum,
1381 2299 1540 2325 auditorum
1566 2300 1707 2325 literarum
1729 2299 1972 2332 contradictarum,
1995 2305 2024 2325 et

1086 2333 1233 2367 apostolici
1250 2333 1345 2367 palatii
1359 2341 1505 2359 causarum
1523 2333 1692 2366 auditorum,
1706 2339 1894 2360 correctorum
1912 2339 1940 2360 et
1958 2335 2023 2359 scri-

1087 2372 1199 2401 ptorum
1212 2367 1354 2393 literarum
1367 2368 1592 2401 apostolicarum,
1606 2376 1638 2394 ac
1656 2369 1861 2402 poenitentiarii
1879 2368 2023 2402 praefatae

1087 2402 1170 2433 sedis,
1184 2410 1216 2427 ac
1229 2402 1466 2434 abbreviatorum,
1479 2410 1531 2428 nec
1544 2411 1600 2428 non
1616 2403 1846 2428 commensalium
1863 2408 1892 2428 et
1904 2403 2023 2428 aliorum

1087 2436 1277 2470 quorumlibet
1290 2437 1498 2470 capellanorum
1511 2437 1588 2463 sedis
1602 2437 1738 2469 eiusdem,
1752 2442 1780 2463 et
1794 2438 1877 2463 etiarn
1891 2445 2021 2471 quorum-

1087 2478 1197 2504 cunque
1222 2471 1379 2503 legatorum
1401 2471 1460 2497 sive
1482 2472 1654 2503 nunciorum,
1676 2479 1708 2496 ac
1731 2472 1758 2497 in
1780 2471 1861 2497 terris
1886 2472 2022 2498 ecclesiae

1087 2505 1231 2530 Romanae
1251 2510 1391 2531 rectorum
1411 2510 1439 2531 et
1453 2505 1688 2531 thesaurariorum
1706 2514 1756 2539 per
1774 2506 1878 2531 dictum
1891 2507 2022 2531 Ioannem

1087 2539 1336 2573 praedecessorem
1346 2540 1390 2566 vel
1403 2548 1454 2565 nos
1468 2540 1628 2574 specialiter
1642 2540 1841 2573 deputatorum
1860 2549 1909 2566 seii
1922 2541 2021 2566 misso-

1086 2582 1147 2599 rum
1166 2574 1309 2605 hactenus,
1323 2574 1367 2600 vel
1384 2583 1401 2599 a
1413 2574 1494 2600 nobis
1513 2574 1738 2608 deputandorum
1756 2579 1804 2600 aut
1821 2575 2021 2600 mittendorum

1087 2608 1113 2633 iri
1127 2612 1280 2641 posterum,
1293 2616 1366 2634 nunc
1382 2608 1509 2634 vacantia
1523 2613 1550 2634 et
1568 2609 1594 2633 in
1612 2613 1696 2634 antea
1708 2613 1848 2641 vacatura,
1862 2609 2022 2642 ubicunque

1087 2642 1176 2668 dictos
1195 2642 1313 2675 legatos,
1326 2643 1376 2675 ,vel
1397 2643 1523 2681 nuncios,
1541 2651 1591 2668 seu
1609 2647 1732 2668 rectores
1755 2647 1801 2668 aut
1823 2643 2021 2681 thesaurarios,

1086 2681 1239 2715 antequam
1252 2677 1288 2703 ad
1298 2677 1455 2703 Romanam
1467 2677 1569 2703 curiam
1582 2677 1714 2703 redierint
1728 2685 1777 2702 seu
1791 2677 1926 2709 venerint,
1937 2677 2021 2703 rebus

1086 2711 1169 2737 eximi
1183 2711 1331 2745 contigerit
1343 2712 1378 2737 ab
1393 2712 1534 2742 humanis;
1558 2719 1608 2737 nec
1626 2719 1681 2736 non
1695 2711 1885 2750 quorumlibet
1897 2720 1947 2745 pro
1962 2713 2021 2746 qui-

1086 2745 1250 2784 buscunque
1271 2746 1392 2779 negotiis
1414 2745 1450 2771 ad
1468 2746 1624 2771 Romanam
1646 2745 1749 2771 curiam
1771 2745 1952 2778 venientium,
1970 2754 2021 2772 seu

1086 2779 1171 2806 etiam
1188 2780 1380 2806 recedentium
1398 2780 1434 2805 ab
1451 2780 1561 2812 eadem,
1575 2780 1597 2805 si
1616 2780 1643 2805 in
1662 2780 1728 2805 locis
1742 2788 1759 2805 a
1772 2779 1847 2805 dicta
1860 2781 1936 2806 curia
1949 2781 2022 2807 ultra

1087 2814 1156 2840 duas
1170 2813 1261 2840 dietas
1279 2814 1385 2853 legales
1402 2822 1458 2839 non
1476 2814 1664 2839 distantibus
1658 2822 1714 2839 iam
1728 2814 1822 2839 forsan
1835 2814 1964 2847 obierint,
1977 2815 2022 2841 vel

1087 2857 1136 2875 eos
1150 2849 1178 2874 in
1191 2853 1273 2875 antea
1287 2849 1403 2874 transire
1417 2848 1565 2886 contigerit
1579 2848 1614 2874 de
1632 2849 1684 2873 hac
1701 2848 1772 2886 luce,
1785 2856 1818 2874 ac
1835 2849 1921 2875 etiam
1939 2835 2022 2876 simili

1086 2883 1172 2909 modo
1186 2890 1417 2917 quorumcunque
1431 2882 1575 2908 curialium
1587 2882 1831 2917 peregrinationis,
1844 2883 2021 2918 infirmitatis,

1135 2978 1196 3002 Cap.

1135 3004 1197 3029 Cap.
1211 3004 1272 3023 Xffl.

1212 2977 1261 2997 xii.
1289 2978 1309 3003 i>
1321 2976 1343 2996 iii

1308 3004 1328 3029 1)
1338 3003 1354 3023 A
1419 3003 1439 3028 2)
1449 3009 1556 3029 namque:
1570 3002 1587 3023 A
