2243 3288
126 191 193 217 1277

128 269 243 302 directe,
256 268 368 302 publice
381 269 426 294 vel
444 270 561 302 occulte,
575 278 631 304 quo
648 271 739 297 minus
758 271 885 297 decimae
903 271 1064 304 praedictae

128 304 279 329 solvantur.
314 303 351 328 Et
364 311 461 329 omnes
479 308 507 330 et
525 305 659 338 singulos,
674 305 721 339 qui
738 305 897 331 huiusmodi
911 306 1063 331 sententias

127 337 198 363 latas
210 337 383 369 incurrerint,
394 346 444 371 per
454 343 482 364 te
493 343 520 364 et
534 347 584 372 per
596 339 664 365 alios
676 340 791 373 singulis
803 339 902 365 diebus
917 339 1063 365 dominicis

127 376 155 398 et
168 371 284 404 festivis,
298 372 416 406 pulsatis
430 374 573 407 campanis
592 378 619 399 et
637 374 762 400 candelis
776 374 910 405 accensis,
925 382 1014 407 usque
1028 374 1063 399 ad

127 406 349 432 satisfactionem
363 407 532 440 condignam
545 409 800 433 excommunicatos
815 408 925 441 publice
938 409 1063 440 nuncies,

127 445 155 466 et
176 440 261 466 facias
284 441 319 466 ab
345 441 475 467 omnibus
500 442 612 476 publice
637 443 743 474 evitari,
768 446 970 475 aggravaturus
995 443 1063 468 alias

126 483 225 500 manus
239 479 300 500 tuas
314 480 411 501 contra
424 476 511 509 ipsos,
524 481 607 510 prout
625 477 794 510 proterviam
813 480 841 502 et
859 477 1062 502 contumaciam

127 509 239 542 exigere
251 509 354 535 videris
369 510 531 536 eorundem.
569 511 676 544 Quodsi
695 510 858 536 satisfacere
876 510 1062 537 decreverint:

126 548 191 577 post
213 544 326 577 plenam
344 549 372 570 et
394 544 532 578 integram
550 545 770 570 satisfactionem
787 545 823 570 ab
840 545 1000 571 huiusmodi
1018 554 1062 572 ex-

126 578 424 604 communicationibus
437 580 511 605 iuxta
522 579 658 605 ecclesiae
669 579 787 605 formam
798 579 927 605 absolvas
938 580 1063 612 eosdem,

127 616 155 638 et
168 612 317 646 dispenses
327 621 389 638 cum
403 613 443 639 eis
457 622 542 647 super
555 613 767 647 irregularitate,
778 613 800 639 si
812 614 904 639 taliter
917 614 994 647 ligati
1008 623 1063 640 non

125 646 310 672 abstinuerint
328 656 344 673 a
362 647 470 680 divinis,
489 648 601 681 proviso
619 648 764 680 hactenus,
783 647 859 681 quod
877 654 973 674 contra
991 649 1063 674 deci-

125 689 201 706 mam
213 681 373 707 huiusmodi
386 690 443 707 non
456 683 598 708 solventes
611 681 769 707 nullatenus
783 683 843 708 sine
860 683 974 716 speciali
987 692 1063 708 man—

127 715 194 741 dato
212 717 385 749 apostolicae
403 716 478 742 sedis
497 716 641 742 invocetur
653 716 798 742 brachium
810 718 962 749 saeculare,
977 717 1063 751 quod-

127 758 182 783 que
203 750 239 775 ad
264 759 331 776 vasa
353 758 441 782 sacra,
463 755 636 784 paramenta,
659 751 769 783 calices,
795 759 890 777 cruces
916 756 944 777 et
968 751 1063 783 libros,

127 784 237 818 aliaque
254 785 329 810 bona
346 785 469 817 mobilia,
487 784 524 810 ad
541 785 645 810 cultum
663 785 799 819 deputata
818 785 950 818 divinum,
965 787 1009 812 vel
1027 787 1064 811 ad

126 818 272 852 privilegia
282 819 463 845 ecclesiarum
474 824 501 845 et
511 819 744 845 monasteriorum
755 820 928 854 aliorumque
940 821 1064 846 locorum

125 853 380 880 ecclesiasticorum
393 853 480 887 ipsius
495 853 642 878 occasione
654 853 780 880 decimae
793 863 892 880 manus
906 855 1063 881 nullatenus

125 888 302 914 extendatur.
342 888 417 956 Ιῖειῒε
440 888 601 921 Anagniae,
623 888 716 914 Kal-1³
738 889 852 915 Octobr.
875 890 954 915 Pont.
976 889 1063 915 nostri

124 922 178 948 Ao.
192 923 249 948 VII.
264 922 351 957 [1301.

426 1019 651 1048 TITULUS
684 1020 761 1048 vm.

124 1084 180 1111 DE
202 1085 510 1112 REGULARIBUS
538 1087 591 1112 ET
618 1087 982 1113 TRANSEUNTIBUS
1006 1087 1063 1112 AD

459 1129 736 1155 RELIGIONEM.

543 1216 616 1235 CAP.
630 1216 648 1234 1.

125 1253 234 1278 Religiosi
240 1254 395 1274 Mendicautes
406 1254 446 1273 sub
453 1255 694 1273 excommunicationis
705 1260 777 1278 poena
787 1255 934 1278 prohibentur
945 1254 1063 1273 convolare

124 1280 152 1299 ad
167 1281 299 1304 religionem
314 1286 359 1299 non
375 1280 559 1303 mendicantium,
575 1285 708 1304 quocunque
721 1281 821 1304 quaesito
837 1281 919 1304 colore,
935 1286 1001 1304 quam
1016 1281 1064 1304 ipso

124 1306 183 1326 facto
202 1307 319 1326 incurrant
337 1308 382 1324 tarn
402 1307 485 1329 recepti
504 1312 570 1330 quarn
590 1307 731 1330 recipientes
756 1312 888 1330 quacunque
907 1306 1000 1326 licentia
1019 1312 1064 1325 non

295 1332 404 1351 obstante.
433 1332 492 1354 Quid
502 1332 557 1351 iuris
567 1332 595 1351 sit
606 1332 633 1351 de
644 1333 688 1351 iam
698 1333 800 1356 receptis,
811 1332 894 1352 subdit.

469 1391 635 1417 Martinus
655 1392 719 1417 1V.1

194 1438 277 1464 Viam
290 1438 457 1464 ambitiosae
468 1438 627 1472 cupiditatis
638 1438 787 1472 religiosis,
798 1438 944 1472 potissime
954 1438 1062 1464 Mendi-

125 1473 262 1505 cantibus,
273 1473 456 1507 praecludere
469 1473 624 1507 cupientes,
634 1473 670 1498 ad
683 1473 752 1499 alios
763 1473 886 1505 ordines,
896 1473 1063 1507 praesertim

125 1508 295 1533 monasticos
314 1507 414 1533 fucatis
432 1512 526 1533 tamen
544 1508 684 1533 coloribus
697 1508 889 1533 asserentibus
903 1508 939 1533 ob
953 1507 1062 1540 frugem

125 1542 249 1568 melioris
267 1542 341 1567 vitae
358 1547 406 1567 aut
425 1542 550 1567 arctioris
570 1542 774 1574 observantiae,
794 1547 850 1567 tam
868 1542 956 1567 sancti
974 1542 1062 1567 Bene—

127 1576 204 1609 dicti,
222 1585 307 1610 quam
325 1576 529 1609 Cisterciensis,
549 1576 779 1608 Camaldulensis,
797 1576 884 1602 Vallis
903 1576 1062 1609 umbrosae,

127 1611 324 1636 canonicorum
341 1611 510 1643 regularium
528 1611 616 1636 sancti
633 1611 792 1644 Augustini,
810 1611 854 1636 vel
871 1611 988 1636 aliorum
1004 1619 1062 1636 mo-

125 1645 296 1671 nasticorum
314 1645 443 1670 ordinum
460 1646 609 1671 convolare
626 1645 788 1677 nitentibus,
806 1645 947 1670 licentiam
965 1654 981 1670 a
994 1645 1063 1671 sede

126 1679 282 1713 apostolica
295 1687 345 1705 seu
359 1679 459 1712 legatis
473 1684 520 1705 aut
533 1680 639 1705 nunciis
653 1680 781 1706 eiusdem
799 1679 874 1705 sedis
892 1679 929 1705 ad
946 1679 1062 1705 transfe-

125 1714 244 1740 rendum
266 1722 297 1739 se
319 1713 355 1739 de
376 1713 598 1739 Mendicantium
620 1714 765 1739 ordinibus
787 1714 823 1739 ad
845 1713 914 1739 alios
940 1714 1062 1746 ordines,

126 1747 293 1782 praesertim
306 1756 340 1773 ea
353 1748 469 1780 ratione,
481 1749 521 1781 (ut
531 1748 682 1774 verisimile
693 1753 745 1780 est,
756 1752 839 1782 prout
848 1748 913 1773 facti
924 1748 1064 1774 evidentia

127 1782 230 1815 docet)
244 1787 274 1808 ut
290 1782 404 1808 liberius
424 1782 537 1815 degant,
551 1783 760 1816 dignitatesque
774 1788 801 1808 et
818 1782 956 1808 beneficia
968 1791 1063 1808 mona-

129 1817 198 1842 stica
211 1817 345 1850 consequi
358 1817 479 1849 valeant,
492 1822 520 1842 et
534 1825 566 1843 ex
580 1817 662 1843 certis
676 1817 736 1842 aliis
751 1817 841 1842 causis
855 1817 995 1842 honestati
1008 1825 1064 1842 non

128 1851 258 1877 consonis
272 1851 473 1884 obtinentibus,
487 1859 519 1877 ac
532 1852 659 1878 volentes
673 1851 758 1877 etiam
771 1851 975 1877 conservationi
990 1851 1063 1877 ordi-

127 1894 194 1911 num
217 1885 438 1911 Mendicantium
466 1886 627 1919 providere:
657 1885 822 1912 auctoritate
849 1886 1007 1919 apostolica
1031 1894 1064 1911 ex

127 1925 203 1946 certa
220 1919 336 1946 scientia
354 1924 450 1946 tenore
467 1920 658 1954 praesentium
675 1920 849 1946 declaramus
867 1926 896 1946 et
913 1920 999 1945 etiam
1016 1920 1063 1945 de—

127 1955 274 1986 cernimus,
289 1959 454 1987 statuentes,
468 1954 545 1988 quod
563 1954 598 1980 de
615 1959 709 1980 cetero
723 1955 814 1980 nullus
828 1955 976 1987 religiosus
991 1954 1063 1979 ordi-

126 1997 192 2014 num
218 1988 438 2014 Mendicantium
463 1996 707 2022 quorumcunque,
732 1989 922 2022 cuiuscunque
950 1989 1064 2022 gradus,

128 2028 227 2055 status,
241 2023 409 2048 conditionis
422 2023 468 2049 vel
481 2023 622 2056 religionis
637 2024 762 2055 exsistat,
777 2028 1023 2056 quantumcunque
1037 2027 1064 2048 et

128 2058 359 2091 qualitercunque
376 2058 466 2091 possit
484 2062 511 2083 et
532 2058 635 2083 debeat
652 2057 754 2083 virtute
772 2058 963 2090 cuiuscunque
981 2057 1064 2083 licen-

127 2093 192 2124 tiae,
206 2092 291 2117 etiam
305 2091 403 2117 indulti
421 2091 569 2125 apostolici
583 2100 632 2117 seu
650 2091 857 2125 poenitentiarii
870 2091 956 2117 nostri
970 2100 1065 2117 curam

127 2127 260 2160 gerentis,
282 2127 328 2152 vel
349 2126 403 2152 alia
425 2126 524 2159 quavis
548 2127 714 2152 auctoritate
738 2127 884 2158 hactenus,
906 2126 991 2152 etiam
1014 2134 1066 2159 per

127 2161 222 2186 literas
235 2160 405 2194 apostolicas
419 2160 583 2186 facultatum
601 2161 762 2194 quarumvis
781 2165 838 2186 tarn
851 2160 1008 2193 legatorum
1021 2160 1065 2186 vel

128 2195 294 2220 nunciorum
307 2195 382 2221 sedis
396 2195 577 2229 apostolicae,
592 2203 675 2228 quam
689 2195 744 2220 alia
756 2195 932 2227 auctoritate,
945 2195 1065 2220 maxime

128 2229 164 2255 de
178 2229 377 2255 transferendis
391 2229 523 2255 fratribus
535 2234 583 2255 aut
599 2229 738 2263 aliquibus
757 2229 923 2263 praesertim
936 2229 1066 2254 ordinum

127 2264 347 2289 Mendicantium
365 2263 571 2297 professoribus
589 2263 616 2289 in
634 2272 737 2297 genere
757 2264 801 2290 vel
819 2263 846 2289 in
863 2263 960 2297 specie
973 2263 1008 2289 ab
1023 2272 1064 2288 or-

129 2298 239 2324 dinibus
254 2298 414 2324 huiusmodi
427 2298 656 2330 Mendicantium,
670 2298 722 2323 sub
737 2306 902 2332 quacunque
915 2298 1065 2323 verborum

128 2333 217 2358 forma
244 2338 408 2366 appareant,
435 2332 544 2358 admitti
570 2337 619 2358 aut
647 2332 733 2366 recipi
762 2341 812 2366 per
840 2333 949 2365 aliquos
979 2332 1065 2358 etiam

129 2367 279 2401 superioris
302 2367 415 2399 ordinis,
434 2375 484 2392 seu
507 2366 669 2392 monasterii
692 2371 740 2392 aut
762 2367 814 2392 loci
836 2366 992 2398 monastici,
1015 2375 1064 2392 seu

128 2402 196 2427 alias
211 2401 237 2426 in
251 2402 419 2427 monachum
431 2402 476 2427 vel
489 2401 516 2426 in
530 2401 644 2427 fratrem
662 2401 776 2426 alicuius
795 2409 829 2426 ex
847 2400 990 2426 ordinibus
1008 2409 1065 2426 mo-

128 2436 241 2461 nasticis
259 2444 344 2469 supra
362 2435 442 2461 dictis
460 2435 504 2461 vel
521 2435 582 2460 aliis
600 2436 750 2469 expressis,
764 2435 873 2468 (ordine
887 2434 1065 2461 Carthusien-

128 2471 199 2496 sium
211 2470 345 2496 duntaxat
355 2470 492 2504 excepto,)
505 2469 556 2495 sub
568 2478 661 2503 poena
671 2469 1065 2502 excommunicationis,quam

128 2510 184 2530 tam
203 2504 369 2538 recipientes
387 2512 471 2538 quam
489 2504 594 2537 recepti
613 2504 674 2538 ipso
688 2503 762 2529 facto
776 2504 925 2535 incurrunt,
940 2508 967 2529 et
981 2512 1065 2537 quam

129 2547 245 2570 exnunc,
257 2543 338 2572 prout
352 2543 461 2570 extunc,
474 2543 569 2563 contra
580 2538 734 2572 quemlibet
748 2543 986 2571 transgressorem
997 2546 1064 2571 quo-

129 2573 284 2599 modolibet
297 2573 324 2598 in
338 2572 497 2607 praemissis
509 2572 625 2598 scientia
635 2578 663 2598 et
673 2572 839 2598 auctoritate
849 2572 988 2598 antefatis
1002 2580 1064 2605 pro-

128 2608 241 2634 ferimus
255 2608 282 2633 in
295 2607 337 2633 his
351 2607 470 2641 scriptis.
494 2607 530 2632 Et
540 2615 556 2632 a
566 2607 687 2639 nemine,
701 2607 753 2632 nisi
767 2607 901 2632 duntaxat
911 2615 927 2631 a
937 2606 1064 2632 Romano

127 2642 261 2668 Pontifice
279 2642 487 2676 <praeterquam
505 2642 532 2666 in
551 2641 648 2666 mortis
671 2641 809 2674 articulo,)
832 2641 1064 2666 excommunicati

129 2676 289 2703 huiusmodi
314 2677 423 2710 possint
447 2675 633 2701 absolutionis
658 2675 826 2701 beneficium
851 2674 1065 2708 quomodolibet

130 2711 266 2737 obtinere.
296 2711 331 2736 Et
344 2710 523 2736 nihilominus
537 2718 618 2735 secus
632 2709 705 2735 facta
718 2718 773 2735 non
787 2714 911 2742 teneant,
924 2714 952 2735 et
965 2709 1065 2735 nullius

129 2746 266 2772 exsistant
290 2745 432 2771 efficaciae
456 2745 500 2770 vel
528 2744 674 2770 momenti.
710 2744 902 2770 Decernentes
928 2743 1013 2769 etiam
1037 2748 1065 2770 et

129 2780 265 2812 volentes,
276 2779 362 2813 quod,
373 2779 395 2804 si
406 2779 467 2813 quis
482 2779 616 2804 hactenus
629 2778 731 2804 virtute
742 2778 862 2803 cuiusvis
877 2778 1004 2804 licentiae
1015 2786 1065 2804 seu

128 2815 253 2841 mandati
266 2813 426 2839 huiusmodi
439 2813 538 2839 fuisset
551 2818 681 2846 receptus
694 2812 730 2838 ad
743 2813 868 2846 aliquem
880 2812 1066 2838 monasticum

129 2849 265 2882 ordinem,
279 2853 307 2875 et
324 2848 451 2874 habitum
468 2852 634 2874 consuetum
651 2847 755 2881 gestari
773 2855 823 2881 per
834 2847 988 2872 monachos
1003 2847 1065 2873 talis

180 2953 233 2972 Tit.
248 2953 297 2973 vn.
325 2952 387 2976 Cap.
402 2957 439 2971 un.
468 2951 500 2976 13)
511 2951 550 2970 111.
560 2951 623 2970 ΚΛΜ
638 2950 661 2970 ,11

180 2980 234 2998 Tit.
248 2979 309 2999 vm.
337 2978 399 3001 Cap.
414 2977 431 2996 1.
460 2978 479 3001 1)
490 2976 585 2997 Pontias:
594 2982 628 2996 no.
640 2976 710 2997 ²177&

181 3005 242 3029 Cap.
256 3005 285 3024 11.
312 3003 333 3029 l)
344 3003 427 3023 Bullur.
437 3002 496 3022 Ῑίοιιι.
508 3003 539 3022 cd.
551 3003 613 3022 Tuur.
624 3003 662 3026 IV,
672 3004 716 3022 310.
745 3001 766 3026 2)
776 3002 815 3022 sed
825 3002 847 3021 et
856 3002 939 3022 virtute
949 3001 1026 3027 religa
1040 3000 1066 3021 ὦ.

128 3030 150 3055 3)
159 3036 183 3051 a:
198 3031 264 3051 deest:
278 3031 305 3050 011.
336 3029 504 3054 4)infide1ium:
519 3029 545 3048 ib.
577 3029 598 3053 5)
608 3029 704 3049 ibidem:
719 3027 746 3048 ib.
778 3028 799 3052 G)
810 3028 888 3048 ovina:
903 3027 929 3047 u'b.
958 3028 979 3052 ἵ)
988 3028 1068 3052 quibus

436 192 652 219 EXTRAVAG.
673 192 846 220 COMMUN.
866 193 932 219 LlB.
951 194 994 219 III.
1012 193 1084 220 TIT.
1103 193 1172 220 VIII.
1192 194 1242 220 DE
1261 194 1525 221 REGULARIBUS
1545 198 1597 221 etc.
1618 202 1642 220 c.
1666 201 1687 220 1.
1707 201 1731 220 2.

1977 194 2043 221 1278

1100 271 1204 297 ordinis
1215 272 1395 306 suscepisset,
1406 272 1464 298 sive
1478 271 1684 306 professionem
1697 271 1820 298 emiserit
1834 272 1893 298 sive
1905 279 1971 304 non,
1982 272 2034 297 sub

1100 306 1173 331 (licta
1191 314 1283 340 poena
1301 312 1428 333 teneatur
1447 307 1474 332 in
1489 307 1667 339 monasterio,
1682 307 1709 332 in
1723 315 1778 340 quo
1797 311 1926 341 receptus
1944 306 2036 338 fuerit,

1100 340 1219 373 (etiamsi
1245 341 1381 367 beneficia
1405 341 1596 367 ecclesiastica
1621 349 1671 367 seu
1696 341 1829 367 rectorias
1854 340 2036 367 ecclesiarum

1101 375 1259 408 quarumvis
1282 376 1427 408 obtineat,)
1450 380 1524 401 stare
1546 376 1573 400 in
1591 375 1650 401 eius
1669 376 1746 401 totali
1766 375 1950 407 ordinatione,
1964 379 1991 400 et
2009 375 2036 400 in

1099 409 1258 435 huiusmodi
1281 410 1379 436 ordine
1401 410 1555 435 monastico
1574 410 1718 435 Altissimo
1737 410 1887 436 deservire.
1924 409 1952 435 Si
1975 409 2037 442 quis

1100 448 1193 469 autom
1207 448 1353 477 praetextu
1367 443 1525 469 huiusmodi
1539 444 1667 470 licentiae
1678 445 1722 470 vel
1733 445 1792 470 sinc
1805 444 1902 469 habitu
1916 443 1960 469 vel
1973 451 2036 469 cum

1099 477 1194 503 habitu
1218 478 1347 511 vagando
1370 478 1524 504 incederet:
1548 478 1701 504 monitione
1724 479 1837 512 praevia
1859 482 1987 504 teneatur
2009 481 2037 503 et

1100 512 1202 538 debeat
1221 512 1292 538 intra
1306 513 1453 538 terminum
1466 513 1527 538 XV.
1542 512 1660 544 dierum,
1673 522 1690 538 a
1703 513 1748 538 die
1766 512 1925 538 monitionis
1943 512 2037 537 huius-

1099 546 1175 571 modi
1190 547 1452 580 computaudorum,
1463 546 1499 572 ad
1513 547 1571 572 eius
1583 547 1748 579 religionem
1759 548 1802 573 vel
1816 547 1952 578 ordinem,
1962 546 2037 572 unde

1099 589 1162 606 cuni
1175 581 1286 606 licentia
1299 581 1344 606 vel
1361 581 1421 607 sine
1439 581 1550 607 licentia
1567 586 1731 613 recesserat,
1745 590 1880 607 remeare.
1917 580 2000 614 Quod
2013 580 2036 606 si

1099 615 1212 641 efficere
1230 615 1396 648 neglexerit:
1419 620 1484 649 post
1502 615 1592 648 ipsum
1607 616 1754 641 terminum
1768 620 1898 649 tanquam
1912 615 2036 641 notorius

1099 654 1230 683 apostata
1243 650 1498 675 excommunicatus
1514 650 1540 674 in
1558 650 1687 675 omnibus
1706 654 1733 676 et
1755 659 1804 684 per
1822 650 1915 675 omnia
1933 649 2037 675 debeat

1100 692 1150 717 per
1163 684 1317 717 quemlibet
1335 684 1468 718 reputari,
1481 688 1508 709 et
1522 684 1557 709 ab
1575 684 1704 710 omnibus
1722 685 1876 717 retractari,
1889 684 1973 710 etiam
1986 691 2038 717 per

1101 718 1306 744 invocationem
1320 718 1413 744 auxilii
1426 718 1531 743 brachii
1543 718 1701 750 saecularis,
1714 719 1823 752 quoties
1838 718 1920 744 fuerit
1934 726 2036 752 oppor-

1101 756 1206 778 tunum.
1242 753 1271 778 ln
1286 752 1385 778 futuris
1396 757 1489 778 autem
1503 752 1594 778 nullus
1605 761 1638 778 ex
1652 753 1860 786 professoribus
1874 753 1988 778 alicuius
2003 760 2036 778 ex

1101 786 1244 812 ordinibus
1258 787 1477 812 Mendicantium
1494 787 1653 812 huiusmodi
1672 787 1699 812 in
1717 787 1839 821 aliquem
1851 787 2037 812 monasticum

1100 820 1237 853 ordinem,
1265 821 1517 854 (Carthusiensium
1547 821 1681 846 duntaxat
1707 827 1824 855 excepto
1832 822 1849 853 ,)
1875 821 1965 855 possit
1989 825 2037 846 aut

1101 855 1204 881 debeat
1222 864 1272 888 per
1289 863 1485 893 quemcunque
1503 855 1587 889 recipi
1606 855 1650 880 vel
1671 855 1780 881 admitti
1799 856 1899 881 virtute
1920 855 2035 881 alicuius

1100 890 1228 915 licentiae
1241 890 1285 915 vel
1299 889 1398 915 indulti
1411 890 1520 923 absque
1534 889 1609 915 sedis
1624 890 1784 915 huiusmodi
1797 890 1908 916 licentia
1921 889 2037 924 speciali

1101 923 1152 949 sub
1164 923 1244 949 dictis
1258 924 1366 957 poenis,
1376 928 1405 950 et
1417 924 1596 949 nihilominus
1607 932 1688 949 secus
1700 924 1773 950 facta
1783 932 1839 949 non
1850 929 1964 950 teneant
1974 924 2035 957 ipso

1100 958 1168 990 iure,
1179 958 1338 984 huiusmodi
1352 958 1469 984 licentiis
1480 963 1508 984 et
1522 958 1644 990 indultis,
1654 966 1707 984 nec
1720 967 1776 984 non
1789 958 2035 984 constitutionibus

1101 992 1271 1026 apostolicis,
1283 997 1311 1018 et
1324 992 1545 1018 Mendicantium
1558 992 1688 1018 ordinum
1700 993 1916 1026 praedictorum,
1927 992 2037 1018 etiamsi

1101 1027 1137 1052 de
1158 1027 1211 1052 illis
1234 1027 1365 1060 specialis
1387 1031 1415 1052 et
1437 1035 1579 1060 expressa,
1601 1035 1633 1052 ac
1656 1026 1691 1052 de
1713 1027 1799 1053 verbo
1821 1027 1858 1052 ad
1876 1027 1992 1053 verbum
2010 1026 2037 1052 in

1100 1061 1203 1086 nostris
1217 1061 1303 1087 literis
1317 1061 1420 1087 mentio
1433 1061 1528 1086 habita
1541 1061 1622 1093 foret,
1637 1065 1664 1086 et
1681 1061 1741 1087 aliis
1760 1061 1905 1087 contrariis
1919 1070 1974 1087 non
1988 1061 2036 1086 ob-

1101 1096 1239 1121 stantibus
1254 1095 1476 1129 quibuscunque.
1505 1095 1579 1120 Nulli
1593 1103 1659 1128 ergo
1674 1096 1786 1121 omnino
1800 1096 1943 1121 hominurn
1955 1096 2038 1121 liceat

1100 1130 1171 1155 hanc
1184 1130 1317 1164 paginam
1329 1135 1442 1155 nostrae
1456 1129 1662 1162 declarationis,
1674 1129 1788 1162 decreti,
1799 1131 1903 1162 statuti,
1915 1130 2037 1164 prohibi-

1100 1164 1183 1190 tionis
1194 1168 1222 1190 et
1232 1164 1383 1190 voluntatis
1393 1163 1605 1197 insringere,vel
1615 1164 1641 1189 ei
1652 1173 1720 1190 ausu
1731 1165 1879 1190 temerario
1890 1164 2037 1190 contraire.

1101 1199 1129 1224 Si
1143 1199 1205 1232 quis
1223 1203 1317 1224 autem
1334 1199 1388 1224 hoc
1405 1203 1546 1224 attentare
1563 1199 1795 1232 praesumpserit:
1818 1199 2038 1232 indignationem

1101 1233 1299 1266 omnipotentis
1318 1233 1372 1259 Dei
1390 1237 1418 1258 et
1439 1233 1587 1258 beatorum
1604 1233 1677 1258 Petri
1695 1238 1723 1259 et
1741 1234 1818 1259 Pauli
1834 1233 2036 1267 Apostolorum

1100 1267 1159 1293 eius
1173 1276 1203 1292 se
1217 1267 1324 1293 noverit
1338 1267 1520 1293 incursurum.
1555 1268 1660 1293 Datum
1673 1267 1820 1301 Sebennis,
1834 1268 1878 1293 111.
1889 1267 1950 1294 Kal.
1961 1268 2034 1301 Aug.

1100 1302 1180 1327 Pont.
1194 1302 1282 1328 nostri
1295 1302 1347 1328 Ao.
1358 1302 1377 1327 1.
1392 1301 1492 1336 [1281.]
2012 1315 2017 1319 -

1506 1379 1579 1399 CAP.
1593 1378 1637 1398 11.¹

1099 1419 1213 1443 Religiosi,
1233 1419 1282 1438 sine
1301 1419 1335 1437 sui
1353 1418 1473 1442 superioris
1488 1418 1581 1438 licentia
1593 1419 1653 1437 ultra¹
1667 1424 1727 1438 mare
1742 1420 1827 1443 euntes,
1847 1420 1898 1438 sunt
1912 1419 1959 1444 Ipso
1979 1420 2035 1439 facto

1099 1445 1293 1469 excommunicati,
1309 1450 1350 1464 nec
1365 1445 1396 1464 ibi
1411 1445 1705 1490 suptuagimpgggliitqgffgpem
1715 1445 1751 1464 vel
1766 1445 1893 1464 divinorum
1905 1446 2036 1465 celebratio-

1440 1529 1584 1555 Ioannes
1604 1529 1691 1555 XXII.

1167 1576 1212 1602 Ad
1230 1581 1356 1603 nostrum
1373 1585 1461 1610 nuper
1478 1577 1576 1603 relatio
1590 1576 1646 1603 fide
1660 1576 1745 1610 digna
1757 1577 1887 1611 perduxit
1899 1577 2035 1610 auditum,

1100 1611 1176 1644 quod
1188 1611 1322 1643 nonnulli,
1332 1611 1474 1644 religionis
1488 1615 1633 1645 gestantes
1647 1612 1783 1644 habitum,
1794 1612 1845 1638 sed
1858 1621 1875 1637 a
1885 1612 2037 1638 veritate‘2‘

1099 1645 1242 1678 religionis
1265 1646 1377 1671 omnino
1399 1646 1477 1671 vacui
1496 1651 1524 1672 et
1541 1646 1591 1671 a3⁸
1613 1646 1753 1672 modestia
1770 1646 1881 1680 penitus
1895 1647 1986 1679 alieni,
1999 1646 2037 1672 ad

1099 1684 1194 1714 partes
1213 1680 1385 1714 quandoque
1403 1681 1636 1706 transmarinas4‘
1653 1689 1684 1706 se
1703 1680 1878 1708 transferant.
1893 1681 1920 1706 in
1934 1681 2035 1714 quibus

1099 1714 1180 1748 pauci
1194 1714 1292 1740 fideles
1307 1719 1437 1748 respectu
1450 1714 1604 1740 infidelium
1617 1720 1832 1740 commorantur.
1862 1715 1906 1747 Et,
1920 1720 1949 1740 ut
1963 1715 2035 1740 illi5*

1100 1748 1232 1782 decipere
1253 1748 1361 1774 facilius
1383 1749 1551 1782 simplicium
1576 1749 1693 1781 animos,
1716 1758 1747 1774 ac
1769 1749 1846 1783 ipsos
1868 1754 1896 1775 et
1917 1749 1986 1775 alios
2009 1750 2037 1774 in

1100 1791 1208 1808 errores
1226 1783 1412 1817 praecipitare
1430 1792 1480 1809 seu
1498 1783 1620 1809 retinere
1636 1783 1757 1816 valeant,
1771 1784 1823 1809 sub
1842 1784 1940 1809 ovilifi·
1958 1788 2037 1809 veste

1100 1825 1132 1842 ac
1156 1817 1319 1842 humilitatis
1350 1817 1447 1843 habitu
1476 1817 1602 1851 lupinum
1628 1818 1752 1843 animum
1776 1818 1962 1850 occultantes,
1987 1826 2038 1852 per

1100 1851 1242 1877 doctrinas
1268 1860 1332 1877 suas
1359 1852 1495 1886 reprobas
1521 1857 1550 1877 et
1576 1860 1707 1878 erroneas
1732 1852 1889 1878 fidelium7·
1917 1857 2037 1884 mentes,

1101 1890 1236 1919 quantum
1253 1886 1281 1911 in
1298 1886 1338 1911 eis
1357 1891 1409 1918 est,
1426 1894 1604 1920 corrumpere
1621 1891 1762 1920 satagunt,
1779 1887 1806 1912 in
1824 1886 1893 1920 ipsis
1912 1887 2037 1920 partibus

1100 1920 1287 1954 periculumS*
1308 1920 1424 1946 nimium
1441 1929 1575 1954 spargere
1592 1929 1648 1946 non
1668 1921 1807 1953 omittunt,
1820 1929 1872 1947 nec
1889 1929 1945 1946 non
1964 1926 1992 1947 et
2005 1929 2036 1946 os

1101 1963 1181 1980 suum
1194 1959 1332 1988 ponentes
1347 1955 1374 1980 in
1387 1955 1505 1987 coelum,
1516 1955 1611 1988 lingua
1624 1963 1721 1981 eorum
1734 1955 1861 1981 falsidica
1874 1960 2037 1981 transeunte

1100 1997 1185 2022 super
1203 1993 1315 2020 terram,
1334 1990 1361 2014 S.
1379 1989 1524 2015 Romanae
1543 1989 1680 2015 ecclesiae
1698 1989 1847 2015 detrahere
1865 1990 2038 2015 constitutio-

1100 2023 1192 2054 nibus,
1203 2027 1230 2048 et
1240 2023 1294 2048 alia
1304 2023 1391 2048 multa
1401 2031 1417 2048 a
1427 2023 1482 2049 fide
1493 2023 1576 2049 devia
1586 2023 1613 2048 in
1624 2024 1681 2049 suis
1692 2024 1869 2049 sermonibus
1880 2028 1908 2049 et
1921 2024 2037 2049 secretis

1101 2057 1332 2083 collocutionibus
1354 2065 1486 2083 evomere
1507 2057 1610 2083 insanis
1633 2058 1747 2083 ausibus
1769 2066 1825 2083 non
1846 2062 1987 2089 verentur,
2005 2066 2038 2084 ex

1102 2091 1202 2125 quibus
1229 2092 1307 2117 Deus
1333 2091 1496 2124 offenditur,
1520 2092 1680 2125 periculosa
1704 2092 1872 2118 suscitantur
1897 2092 2038 2124 scandala,

1101 2130 1214 2160 paratur
1231 2126 1404 2159 simplicibus
1421 2126 1549 2159 laqueus,
1566 2126 1678 2160 ipsique
1695 2127 1792 2152 talium
1809 2131 2037 2160 praesumptores

1101 2160 1137 2186 de
1150 2160 1261 2186 haeresi
1274 2161 1456 2186 vehementer
1468 2165 1589 2193 arguunt
1602 2169 1632 2186 se
1646 2161 1836 2194 suspectos‘J‘.
1861 2161 1919 2186 Nos
1933 2161 2037 2194 itaque,

1101 2195 1184 2220 tantis
1195 2194 1309 2220 obviare
1320 2194 1449 2228 periculis
1462 2200 1596 2228 paternae
1604 2195 1765 2228 diligentiae
1776 2195 1875 2221 studiis
1884 2195 2039 2229 cupientes,

1102 2229 1236 2254 universis
1251 2234 1278 2254 et
1296 2229 1411 2262 singulis
1425 2229 1563 2262 religiosis
1582 2230 1772 2263 cuiuscunque
1786 2229 1962 2262 conditionis,
1976 2230 2039 2256 reli-

1102 2263 1202 2296 gionis,
1221 2263 1325 2289 ordinis
1347 2264 1391 2289 vel
1414 2268 1503 2289 status
1527 2264 1671 2296 exsistant,
1689 2264 1725 2290 de
1746 2263 1862 2290 fratrum
1880 2269 2039 2290 nostrorum

1101 2298 1217 2323 consilio
1240 2297 1391 2323 districtius
1414 2297 1580 2324 auctoritate
1601 2298 1792 2332 praesentium
1814 2298 1981 2331 inhibemus,
2003 2306 2039 2324 ne

1102 2332 1226 2365 ipsorum
1248 2332 1348 2365 aliquis
1367 2332 1476 2366 absque
1494 2332 1646 2366 superioris
1665 2332 1770 2358 ordinis
1788 2333 1830 2358 sui
1847 2333 1968 2365 licentia,
1986 2333 2038 2358 sibi

1101 2374 1152 2400 per
1173 2366 1260 2400 ipsius
1277 2366 1374 2392 literas
1392 2371 1522 2400 patentes
1545 2375 1688 2399 concessa,
1711 2367 1746 2393 de
1769 2372 1862 2393 cetero
1885 2367 1921 2392 ad
1944 2372 2038 2401 partes

1102 2409 1132 2426 se
1151 2400 1300 2426 transferat
1317 2406 1384 2426 ante
1403 2400 1500 2433 dictas,
1515 2401 1706 2435 superioribus
1721 2401 1788 2435 ipsis
1806 2401 1985 2427 nihilominus
1999 2401 2038 2426 in-

1102 2435 1259 2467 iungentes‚
1275 2443 1310 2460 ne
1329 2435 1474 2469 quibusvis
1493 2435 1535 2461 sui
1553 2435 1657 2461 ordinis
1677 2435 1818 2467 fratribus,
1834 2435 1886 2461 nisi
1905 2435 2039 2461 duntaxat

1101 2469 1166 2494 viris
1184 2469 1312 2501 literatis,
1326 2469 1449 2503 providis
1467 2474 1495 2495 et
1509 2470 1640 2503 expertis,
1653 2470 1812 2495 huiusmodi
1830 2469 1971 2495 licentiam
1988 2471 2039 2495 im<

1102 2503 1195 2537 pertiri
1207 2508 1395 2537 praesumant.
1418 2504 1475 2529 Nos
1490 2504 1564 2530 enim
1575 2512 1760 2537 quoscunque
1767 2505 1814 2536 ω’,
1825 2509 2037 2537 praesumentes

1102 2537 1270 2563 contrarium
1284 2538 1382 2571 quovis
1400 2538 1495 2570 modo,
1509 2538 1803 2564 excommunicationis
1818 2538 1963 2564 subiacere
1976 2547 2038 2564 sen-

1101 2572 1205 2598 tentiae
1218 2572 1346 2598 volumus
1353 2573 1393 2590 n·
1410 2573 1471 2606 ipso
1490 2572 1573 2604 facto,
1586 2581 1602 2598 a
1616 2581 1672 2606 qua
1689 2572 1780 2598 nullus
1798 2572 1833 2598 ab
1847 2573 1911 2605 alio,
1926 2581 2010 2606 quam
2022 2581 2039 2598 a

1101 2607 1229 2632 Romano
1247 2606 1381 2632 Pontifice
1399 2607 1499 2640 possit,
1517 2607 1568 2632 nisi
1587 2607 1721 2632 duntaxat
1743 2607 1771 2632 in
1793 2606 1890 2632 mortis
1912 2607 2038 2639 articulo,

1101 2640 1285 2666 absolutionis
1298 2641 1466 2667 beneficium
1480 2641 1616 2667 obtinere.
1654 2641 1786 2666 Ceterum
1800 2641 1936 2667 universis
1950 2641 2038 2667 eccle-

1102 2675 1159 2701 siae
1178 2675 1308 2709 praelatis
1327 2675 1354 2701 in
1372 2676 1473 2701 virtute
1491 2680 1604 2701 sanctae
1622 2675 1800 2701 obedientiae
1820 2675 1944 2701 districte
1958 2684 2038 2709 prae-

1102 2709 1231 2743 cipiendo
1256 2710 1446 2743 praesentium
1469 2714 1565 2735 tenore
1587 2709 1762 2741 mandamus,
1785 2714 1922 2743 quatenus
1947 2710 2038 2736 nullos

1101 2744 1258 2777 religiosos,
1280 2744 1316 2769 ad
1338 2749 1432 2778 partes
1455 2752 1485 2769 se
1507 2743 1706 2769 transferentes
1730 2743 1898 2777 praedictas,
1915 2744 1967 2769 nisi
1986 2752 2040 2783 per

1101 2783 1230 2812 patentes
1249 2778 1400 2812 superioris
1418 2778 1460 2803 sui
1475 2778 1579 2803 ordinis
1598 2777 1691 2803 literas
1705 2777 1741 2804 de
1754 2778 1866 2804 licentia
1878 2778 1993 2812 speciali
2006 2786 2038 2804 se

1101 2813 1165 2838 illuc
1187 2812 1373 2838 transferendi
1398 2812 1451 2838 sibi
1474 2820 1609 2838 concessa
1633 2812 1764 2846 praelatis
1790 2811 1898 2838 eisdem
1922 2812 2039 2839 fecerint

1101 2847 1213 2881 plenam
1227 2846 1322 2880 fidem,
1335 2847 1363 2872 in
1380 2846 1539 2872 civitatibus
1558 2847 1614 2872 suis
1633 2852 1661 2872 ct
1679 2846 1857 2873 dioecesibus
1875 2854 1908 2873 ac
1924 2847 1992 2873 locis
2010 2851 2039 2874 et

1102 2951 1151 2970 fich:
1166 2950 1193 2970 171.
1247 2950 1267 2973 S)
1277 2950 1413 2975 periculoso:
1427 2949 1453 2972 sb.
1498 2950 1520 2974 9)
1530 2949 1578 2969 aad.
1585 2955 1592 2968 .·
1606 2950 1651 2969 imo
1661 2955 1689 2969 ex
1699 2950 1731 2970 eis
1741 2955 1794 2970 vore
1805 2950 1852 2971 soro
1861 2950 1972 2971 haeretici
1982 2957 2041 2971 eom-

1103 2977 1236 3001 probanturz
1251 2976 1277 2995 u'b.
1344 2977 1376 2999 10)
1386 2981 1461 3000 quosc-
1473 2976 1571 3004 scieutor
1579 2981 1646 3000 super
1655 2982 1698 3001 quo
1710 2981 1787 2996 eorum
1802 2977 1952 2998 conscientias
1962 2983 2041 2998 onera·

1104 3008 1164 3022 mus:
1178 3003 1204 3022 ιἸι.
1243 3002 1276 3026 n)
1286 3001 1348 3022 (idda
1362 3004 1384 3022 et
1394 3001 1548 3022 decernimus:
1563 3001 1590 3021 ab.
