2243 3288
92 200 142 228 477

92 278 293 313 praebendam,
311 279 363 304 nisi
380 278 448 311 forte
464 279 621 306 rationabili
631 281 653 299 ¹0
669 289 753 307 causa
771 280 807 307 de
820 286 938 308 vacante
951 289 1030 316 prae-

92 314 186 339 benda
207 313 396 347 supradicta11
419 314 492 340 duae
510 314 642 340 fuerint12
664 316 841 348 constitutae,
859 324 892 341 ac
914 321 954 342 tot
976 316 1031 341 sint

93 348 238 381 utriusque
260 352 421 382 proventus,
444 349 520 382 quod
543 358 593 382 per
614 354 761 384 utramque
783 350 817 376 sit
840 351 950 384 utrique
967 359 1029 384 pro-

92 382 183 408 visum
196 383 223 407 in
236 381 373 408 beneficio
387 383 567 416 competenti.
593 383 643 418 [Τιι
657 385 763 418 denique
772 389 817 410 etc.
839 385 903 410 Dat.
915 385 973 410 Lat.
988 385 1029 410 VJ.

92 417 132 442 Id.
146 417 206 442 Ian.
219 417 296 442 Pont.
309 421 389 442 nostr.
404 417 452 442 Ao.
467 417 540 443 XVI.
558 417 643 452 1214]

465 495 481 514 C
488 495 506 514 A
513 496 537 514 Ρ.
553 496 657 516 xxvn.¹

91 532 114 551 Si
124 533 185 557 Papa
199 533 290 552 mandat
304 533 408 557 capitum,
424 534 448 552 ut
461 534 558 557 aliquem
575 534 597 552 in
613 534 745 554 canonicum
756 535 872 558 recipiant,
887 536 909 554 et
923 535 1030 558 praeben-

91 559 149 583 dam,
161 559 179 577 si
189 564 233 583 qua
241 559 468 583 vacat,couferant,si
479 560 506 578 de
517 560 622 579 mandato
633 561 729 579 scientes
739 560 777 579 alii
789 561 913 582 conterunt.
922 563 1031 584 coguntur

90 585 186 608 primum
198 585 305 608 recipere,
321 587 343 604 et
357 585 384 603 de
399 585 508 603 reditibus
523 586 631 605 ecelesiae
646 586 696 604 loco
707 586 810 605 beneficii
821 587 946 610 providere,
958 587 1029 605 donec

435 611 587 634 praebendam
598 612 688 631 habeat.

290 660 380 687 Idem
398 661 615 687 Vercellensi
634 662 832 696 Episcopo&

159 706 284 734 Dilectus
313 708 386 734 filius
411 708 463 734 G.3
491 709 621 741 clericus,
647 718 697 742 pro
726 718 776 743 quo
801 709 978 735 canonicando
1003 710 1028 734 in

89 743 196 768 ecclesia
214 743 372 768 Novarz'ensi
391 743 584 776 scripseramus,
606 745 674 777 quod
695 743 837 769 intendebat
858 753 905 777 per
926 749 1029 769 nostras

90 777 177 802 literas
189 786 241 802 non
255 777 362 809 obtento,
377 782 468 803 contra
481 779 620 803 canonicus
636 779 744 803 eiusdem
767 778 847 804 nobis
866 779 1028 812 exposuit4·

91 812 300 845 conquerendo,
319 812 405 845 quod,
423 820 509 845 quum
528 820 578 846 pro
592 821 626 838 eo
639 812 676 838 ad
693 813 864 838 Novariense
878 813 1029 846 capitulum

90 846 253 871 mandatum
270 846 472 880 apostolicum&
489 847 673 878 misissemus,
690 852 719 872 ut
737 855 802 873 eum
819 847 846 872 in
865 847 1028 872 canonicum

90 880 248 914 reciperent
270 886 298 906 et
319 880 347 906 in
368 880 492 913 fratrem,
509 881 712 914 praebendam,
730 881 752 907 si
771 890 826 915 qua
844 883 945 907 tamen&
964 887 1028 907 tunc

89 915 218 947 vacabat,
232 914 409 940 conferentes
423 915 526 947 eidem,
543 915 618 948 †ipsi
633 925 684 940 non
701 917 782 941 solnm
802 917 951 941 mandatum
966 925 1027 949 apo-

89 949 206 974 stolicum
216 950 352 974 noluerant
366 950 511 982 adimplere,
523 958 609 974 veram
619 950 693 975 etiam
702 951 876 983 praebendam
888 956 1028 983 racantem,

88 992 166 1017 qaam
184 984 361 1009 mandavimus
379 984 418 1008 illi
437 983 558 1016 conferri,
577 985 624 1009 alii
640 990 869 1018 praesumpserim(
886 986 1027 1017 assiqnare.

94 1017 167 1043 Unde
190 1018 289 1051 petebat
313 1027 329 1043 a
354 1018 434 1050 nobis,
456 1023 482 1043 ut
508 1027 573 1052 quae
597 1019 626 1043 (Ie
650 1019 705 1052 ipso
730 1020 906 1052 incepta-amas
928 1021 1031 1053 exsequi

90 1053 263 1085 diymzrcmur.
302 1053 428 1085 illaffl’ster
449 1057 533 1078 autem
554 1053 696 1086 Greyorias
718 1053 887 1078 Not-miens&
908 1055 1029 1079 ecclesiae

86 1092 246 1120 procurator
255 1087 416 1120 proponebat
429 1091 543 1117 econtra,
554 1088 638 1121 qusai,
650 1096 725 1121 qaam
737 1089 762 1112 in
777 1089 821 1113 illa
835 1089 941 1113 ecclesia
956 1089 1028 1113 nulla

89 1126 192 1146 vacaret
205 1121 360 1154 praebenda,
372 1122 521 1154 praedictas
535 1123 643 1147 clericus
661 1123 696 1147 ad
707 1124 875 1155 apostolicam
889 1123 971 1147 sedem
985 1132 1028 1147 ac—

89 1156 179 1180 cedens
192 1156 260 1187 falsa
278 1156 303 1180 in
321 1157 428 1181 ecclesia
445 1157 501 1189 ipsa
519 1156 590 1181 nobis
603 1157 726 1189 sztquessit
741 1166 833 1182 vacare
844 1158 1027 1190 praebendam,

89 1194 112 1215 et
136 1190 171 1215 ad
193 1191 376 1223 suyycstinnem
401 1189 496 1222 falsam
521 1199 598 1224 saper
623 1192 781 1224 receptione-5
804 1200 852 1216 sna
874 1192 961 1216 literas
983 1192 1027 1215 im-

86 1228 213 1258 petrarat.
244 1225 325 1256 Unde,
339 1233 416 1258 quum
430 1225 539 1249 mendam¹
548 1230 671 1258 precator
685 1234 777 1253 carere
787 1226 874 1251 debeat
888 1226 1028 1259 impetratis

86 1259 196 1292 penitus,
208 1259 271 1284 idem
279 1263 437 1292 procuratur
446 1259 479 1284 ab
489 1260 641 1292 impetitione
650 1260 729 1293 ipsius
739 1261 870 1285 ecclesiam
879 1260 1028 1293 postulabat

90 1293 194 1318 absolvi.
234 1294 316 1322 Quum
335 1293 411 1326 iyitur
429 1302 516 1318 coram
534 1294 622 1319 dilectu
639 1295 694 1327 filio
711 1299 799 1319 nostro
820 1295 851 1320 G.
865 1296 892 1319 5.
909 1295 1031 1327 (ιίἰῃονῖί

89 1328 124 1353 acl
144 1328 227 1353 Veliam
241 1336 347 1353 aureum
361 1328 468 1353 diacono
482 1329 618 1359 cardinali,
633 1338 704 1362 quem
724 1329 815 1354 eisdem
828 1329 939 1354 dedimus
956 1329 1027 1353 audi-

90 1367 177 1393 torem,
201 1370 279 1395 super
302 1362 340 1387 his
364 1362 457 1387 diutius
481 1363 635 1396 litiqarentss,
661 1368 682 1388 et
707 1364 770 1388 idem
797 1364 938 1388 cardinalis
964 1372 1029 1397 quae

89 1396 195 1429 fuerant
203 1398 225 1414 ¹⁰
238 1397 375 1429 proposita
393 1406 481 1422 curam
500 1406 527 1421 ev
546 1398 617 1422 nobis
631 1398 714 1422 retulit
728 1398 868 1431 tllliglmzter,
891 1398 1027 1423 Fraterni-

90 1431 140 1456 tati
148 1432 169 1449 11
183 1436 248 1457 tuae
257 1439 307 1464 per
320 1432 463 1464 apostoliea
475 1432 573 1465 scripta
590 1432 765 1464 mandamus,
780 1437 927 1466 quatenus,
941 1432 963 1457 si
979 1431 1027 1457 tibi

90 1465 256 1497 constiterit,
275 1465 351 1499 quod
369 1466 395 1490 in
415 1465 580 1491 Novariensi
599 1466 718 1492 ecclesia
735 1466 898 1500 praebenda
916 1470 1028 1492 vacaret

90 1504 227 1534 tempore,
246 1508 301 1533 quo
319 1508 396 1533 snper
413 1500 560 1533 praebenda
578 1500 704 1526 eiusdem
722 1501 859 1526 ecclesiae
873 1500 1028 1526 canonici12

89 1539 199 1560 nostras
216 1534 311 1560 literas
329 1539 504 1568 receperunt,
523 1543 610 1568 quum
628 1543 690 1561 eam
704 1536 805 1568 penitus
823 1535 868 1560 alii
886 1535 913 1560 in
926 1535 1027 1560 elusio-

89 1569 184 1594 nem13
196 1569 322 1594 mandati
334 1569 423 1594 nostri
441 1569 569 1595 duxerint
586 1569 796 1602 conferendam,
809 1569 932 1595 eundem
950 1569 1027 1594 cleri-

91 1611 162 1636 cum,
180 1603 203 1629 si
221 1611 277 1628 non
295 1603 358 1628 alibi
372 1603 488 1629 habetl4
505 1603 647 1629 sufficiens
668 1604 837 1630 beneficium
859 1603 1027 1630 ecclesiasti-

90 1645 161 1670 cum,
184 1638 255 1663 iuxta
277 1643 387 1663 tenorem
404 1638 501 1671 prioris
517 1639 634 1663 mandati
648 1639 732 1663 nostri
747 1648 763 1663 a
774 1639 912 1672 praedictis
929 1639 1028 1663 clericis

90 1671 118 1698 in
130 1672 295 1698 canonicum
301 1672 325 1690 15
336 1673 422 1706 recipi
430 1673 462 1705 1⁶,
472 1677 501 1698 et
511 1672 564 1698 sibi
572 1673 593 1690 17
608 1672 643 1698 de
654 1673 790 1699 reditibus
802 1673 881 1706 ipsius
892 1673 1027 1698 ecclesiae

89 1707 205 1740 singulis
223 1707 302 1732 annis
320 1712 488 1740 competentes
504 1707 640 1740 assignari
659 1712 823 1741 proventus,
840 1707 931 1733 donec
949 1707 973 1733 ei
992 1708 1027 1732 sit

90 1741 118 1767 in
131 1741 268 1767 beneficio
282 1741 462 1775 praebendali
471 1742 494 1759 ¹5
506 1742 659 1776 provisum.

456 1820 472 1840 C
479 1820 498 1839 A
504 1820 528 1839 P.
544 1820 646 1840 XXVIII.
654 1818 662 1833 ¹

88 1857 181 1878 Habens
199 1860 341 1882 personatum
358 1858 394 1877 vel
414 1858 547 1878 beneficium
566 1860 675 1882 curatum,
693 1858 712 1877 si
731 1858 829 1878 secundo
849 1858 893 1878 tale
912 1859 1028 1882 receperit,

88 1887 154 1903 vacat
172 1885 280 1908 primurm
299 1884 358 1908 quod
377 1885 394 1903 si
414 1885 510 1904 retinere
530 1885 678 1907 contenderit,
699 1885 765 1904 etiam
780 1885 878 1904 secundo
897 1885 1028 1908 privabitur.

89 1911 139 1929 Hoc
153 1910 233 1934 primo.
260 1911 289 1929 Et
299 1911 323 1932 is.
339 1910 366 1929 ad
382 1916 446 1934 quem
461 1912 546 1934 spectat
556 1911 659 1929 beneficii
670 1911 741 1929 curati
757 1911 854 1933 collatio,
870 1911 932 1929 licite
942 1911 1029 1929 confert

89 1936 171 1959 statim,
182 1941 249 1959 quum
259 1936 374 1955 institutus
383 1937 444 1955 aliud
455 1937 545 1960 recepit,
561 1939 589 1958 et.
605 1937 623 1955 si
638 1937 696 1955 infra
705 1942 745 1955 sex
755 1942 843 1955 menses
858 1942 902 1955 non
919 1937 1028 1961 conferat,

89 1961 217 1980 devolvitur
239 1961 267 1980 ad
285 1962 354 1980 alium
373 1962 472 1985 collatio,
496 1965 518 1981 et
540 1963 606 1981 aliter
628 1963 725 1986 ponitur.
762 1963 810 1981 Hoc
829 1962 935 1981 secundo·
973 1962 1028 1981 Cum

89 1988 223 2006 sublimibus
237 1993 291 2006 vero
306 1990 328 2006 ot
341 1988 437 2007 literatis
451 1988 552 2011 personis
567 1988 627 2007 eirca
644 1988 797 2012 pluralitatem
816 1988 977 2007 beneficiorum
996 1989 1028 2006 iu-

89 2013 267 2038 compatibiliuni
277 2013 337 2032 solus
347 2014 408 2037 Papa
417 2014 538 2038 dispensat.
566 2015 615 2033 Hoc
625 2014 698 2033 tertio.
722 2015 771 2033 Hoc
781 2014 836 2033 dicit
846 2014 905 2033 istud
915 2020 963 2038 cap.
974 2014 1029 2033 utile

485 2041 507 2059 et
517 2040 633 2058 famosum.

311 2089 402 2116 Idem
421 2090 452 2115 in
471 2090 619 2116 concilio
639 2090 810 2124 generali.

158 2137 202 2163 De
219 2137 307 2163 multa
323 2137 501 2171 providentia
514 2137 564 2163 suit
578 2138 605 2162 in
618 2138 798 2163 Lateranensi
813 2137 948 2163 concilio2
965 2146 1028 2171 pro-

89 2171 219 2204 hibitum,
242 2177 271 2197 ut
292 2172 383 2197 nullus
403 2172 529 2197 diversas
548 2172 699 2205 dignitates
723 2172 927 2198 ecclesiasticas
949 2172 1029 2197 vel³⁸

89 2206 184 2241 plures
214 2207 347 2232 ecclesias
380 2206 556 2240 parochiales
590 2207 728 2240 reciperet
763 2211 859 2232 contra
887 2214 1029 2232 sacrorum

90 2249 228 2267 canonum
252 2241 391 2271 instituta;
420 2241 543 2274 alioquin
568 2239 614 2275 [et]
639 2240 777 2274 recipiens
801 2241 841 2266 sic
865 2241 1029 2274 acceptum4

90 2276 245 2307 amitteret,
279 2280 307 2301 et
340 2275 477 2308 largiendi
512 2280 654 2309 potestate
683 2275 831 2300 conserens
865 2275 1028 2308 privaretur.

91 2310 162 2343 Quia
183 2318 249 2336 vero
275 2314 390 2344 propter
414 2309 674 2343 praesumptiones-⁷⁷
699 2314 726 2335 et
752 2309 928 2343 quorundam
953 2309 1028 2343 cupi-

91 2344 192 2370 ditates
222 2344 314 2369 nullus
345 2344 481 2370 hactenus
511 2348 559 2369 aut
583 2352 661 2369 rarus
687 2344 722 2369 de
751 2343 897 2377 praedicto
922 2348 1028 2369 statuto

91 2378 195 2404 fructus
219 2379 361 2412 provenit:
388 2387 438 2404 nos
464 2378 620 2404 evidentius
646 2382 675 2404 et
700 2378 858 2411 expressius
884 2386 1029 2403 occurrere

91 2413 235 2447 cupientes
258 2413 399 2446 praesenti
422 2412 537 2438 decreto
561 2412 722 2443 statuimus,
745 2417 783 2443 ut,
807 2412 966 2445 quicunque
987 2420 1028 2438 re-

91 2448 196 2481 ceperit
217 2447 332 2480 aliquod
356 2446 534 2478 beneficium,
559 2455 652 2472 curam
677 2447 784 2472 habens
807 2447 961 2472 animarum
983 2455 1028 2472 an-

90 2489 199 2514 nexam,
216 2482 238 2507 si
257 2482 333 2515 prius
353 2482 407 2507 tale
425 2481 591 2507 beneficium
606 2481 755 2512 habebatss,
774 2489 807 2506 eo
821 2481 856 2506 sit
870 2481 948 2514 ipso?
969 2481 1028 2506 iure

90 2516 224 2550 privatus,
245 2521 283 2548 et,
306 2516 328 2542 si
349 2517 422 2541 sorte
440 2515 507 2541 illud
526 2516 646 2541 retinere
664 2515 848 2546 contenderit,
871 2515 956 2540 etiam
973 2515 1028 2540 alio

91 2551 235 2584 spolietur.
271 2551 296 2576 Is
322 2558 450 2584 quoque,
474 2549 510 2575 ad
535 2558 620 2583 quem
645 2549 744 2583 prioris
770 2554 879 2583 spectat
904 2549 1028 2581 donatio,

92 2584 158 2610 illud
177 2589 242 2619 post
260 2585 450 2618 receptionem
468 2584 584 2610 alterius
607 2584 694 2609 libere
712 2583 845 2615 conserat,
868 2583 911 2609 cui
929 2584 1028 2609 merito

93 2619 193 2645 viderit
218 2619 433 2651 conferendum,
459 2623 501 2651 et,
526 2619 549 2644 si
575 2618 646 2644 ultra
670 2618 736 2644 sexS
763 2626 876 2644 menses
901 2617 1029 2644 conferre

142 2731 194 2751 'rit-
209 2732 235 2752 V.
264 2731 324 2756 Cap.
340 2731 418 2751 XXVI.
447 2731 480 2754 10)
491 2736 517 2750 ex
529 2732 581 2750 που
596 2729 634 2749 GK
662 2730 695 2755 11)
706 2730 844 2755 praedictae:
859 2728 906 2754 Περ.
940 2729 973 2754 12)
984 2730 1029 2750 sue—

93 2758 154 2776 runt:
169 2756 224 2778 Duc:
238 2758 337 2777 fuerant:
352 2756 400 2781 libs.

142 2783 204 2808 Cap.
223 2783 312 2804 XXVII.
346 2783 365 2805 1)
380 2782 509 2802 licstitutum
527 2787 551 2801 cx
569 2782 636 2806 Cmnp.
651 2782 688 2801 lv.
707 2787 724 2800 c.
742 2782 761 2800 4.
780 2781 805 2800 dc
823 2786 879 2800 cons.
895 2780 941 2800 eccl.
956 2781 984 2805 (3,
1000 2781 1028 2803 3,)

92 2807 112 2827 Ξ)
123 2809 267 2833 1198-1215.;
277 2819 302 2823 -
310 2808 406 2828 Pontias!
415 2814 450 2827 no.
461 2810 518 2828 5020.
554 2808 574 2829 3)
586 2808 622 2827 C.:
636 2807 680 2831 DJJlt
711 2807 732 2828 4)
743 2807 868 2831 proposuit:
883 2806 943 2826 Codri.
954 2806 1001 2826 coll.
1012 2806 1030 2826 1)

92 2833 112 2857 5)
122 2839 167 2858 ειμι
181 2834 248 2855 deest:
262 2834 306 2859 vtes
360 2834 380 2858 (i)
391 2837 456 2854 tam.:
472 2834 540 2853 derst:
556 2833 586 2852 Db
644 2834 663 2857 7)
674 2833 744 2857 quod:
760 2832 789 2851 m,
846 2832 867 2855 8)
878 2834 1028 2856 receptionem

93 2864 166 2879 sunm:
180 2860 206 2880 ib.
285 2862 305 2905 9}
319 2861 454 2884 litigassent:
471 2859 503 2879 Da
518 2859 585 2878 Imm.
665 2860 698 2882 10)
713 2859 813 2878 fuerunt:
833 2857 876 2880 Db,-
891 2859 985 2878 suerint:
999 2858 1029 2878 Dc

92 2884 276 2908 indiscretioni:
302 2885 369 2910 lbcjffh
413 2887 444 2910 ΓΙ)
456 2886 532 2910 prael).
543 2886 586 2904 iam
597 2885 651 2904 dicti
662 2885 752 2904 elerici:
767 2884 785 2902 D
832 2884 866 2907 1³)
877 2884 1028 2904 delusionem:

92 2909 175 2935 Dsscyh:
189 2912 316 2932 elisionem:
331 2911 362 2936 Df
387 2912 419 2935 14)
430 2913 522 2931 babeat:
533 2911 576 2932 Dii.-
585 2910 653 2930 dces&
663 2909 695 2933 lta
722 2909 754 2934 15)
766 2911 788 2929 lu
799 2915 860 2929 cain:
870 2909 918 2928 add.
930 2915 943 2929 a
954 2909 1028 2934 Raym.

94 2936 126 2959 lss)
141 2937 239 2957 faciatis:
259 2937 289 2959 D,-
303 2942 355 2962 qaue
368 2943 424 2962 sequ.
439 2938 517 2957 omitt„-
536 2936 593 2962 vary
671 2937 703 2960 17)
719 2936 816 2956 eisdemt
835 2935 880 2958 1111,-
898 2936 983 2955 uidem:
1001 2935 1031 2961 Ds

94 2962 126 2986 18)
136 2963 309 2986 praehendat-10:
323 2962 387 2988 Dbsln.

144 2987 205 3012 Cap.
219 2988 320 3009 xxvm.
349 2990 369 3013 1)
378 2994 396 3008 c.
406 2990 437 3008 29.
449 2988 468 3008 C'.
478 2988 546 3008 Later.
556 2989 593 3008 IV.
607 2987 654 3007 hab.
669 2992 702 3007 ao.
714 2987 781 3009 1215:
796 2988 864 3012 comp.
873 2987 911 3007 1v.
922 2992 938 3006 r.
948 2988 967 3006 4.
977 2987 997 3006 h.
1012 2988 1028 3007 t.

93 3012 122 3037 (³,
131 3013 160 3037 2.)
186 3015 207 3038 2)
217 3014 244 3038 es.
254 3020 321 3040 supra
330 3020 347 3034 c.
358 3016 377 3034 5.
386 3015 406 3034 h.
418 3014 433 3033 t.
461 3014 481 3038 3)
492 3017 524 3034 et:
536 3013 621 3033 GHIKD
631 3014 702 3034 Cana:
713 3016 761 3033 aut:
772 3012 794 3032 J!
818 3013 839 3036 4)
850 3015 975 3037 receptum:
985 3012 1029 3035 Dm

95 3041 217 3064 receptam:
227 3039 272 3060 Dbd
297 3040 318 3065 5)
324 3041 502 3065 suppressiones:
513 3039 618 3060 conam.
646 3040 666 3065 6)
677 3039 804 3059 obtinebat:
815 3038 847 3064 DJ
854 3039 913 3059 Cone.
940 3039 961 3064 7)
968 3039 1027 3064 ipsa:

391 201 599 228 DECRETAL.
620 202 783 230 GREGOR.
803 202 849 229 IX.
868 202 934 229 LIB.
954 204 997 230 111.
1016 203 1085 230 TIT.
1105 203 1138 230 V.
1158 205 1208 231 DE
1227 204 1457 231 PRAEBENDIS
1477 210 1530 231 etc.
1550 213 1572 231 c.
1593 212 1701 239 27—30.

1949 202 2000 230 4t8

1066 281 1212 315 distulerit,
1230 291 1285 309 non
1299 283 1388 310 solum
1401 283 1438 310 ad
1455 283 1541 310 aliosss
1558 282 1712 310 secundum
1725 283 1920 309 Lateranensis
1934 291 1998 308 con-

1066 317 1119 342 cilii
1133 323 1255 344 satutum
1268 319 1327 344 eius
1341 319 1481 344 collatiow
1494 319 1666 349 devolvatur,
1683 326 1779 343 verum
1793 318 1877 343 etiam
1891 322 1999 343 tantum

1066 351 1101 376 de
1130 353 1186 377 suis
1215 358 1331 385 cogatur
1360 353 1541 387 proventibus
1567 353 1593 378 in
1619 352 1792 378 utilitatcmll
1822 352 1998 383 ecclesiae12,

1065 386 1142 411 cuius
1161 392 1202 412 est
1221 387 1287 412 illud
1310 387 1486 419 beneficium,
1509 387 1662 419 assignare,
1686 391 1819 420 quantum
1837 394 1853 411 a
1871 390 1998 419 tempore

1065 421 1217 446 vacationis
1235 421 1321 454 ipsius
1339 431 1369 446 er
1387 422 1445 446 mis
1466 421 1621 447 constiterit
1644 429 1707 446 esse
1729 425 1901 454 perceptum.
1938 421 1999 445 Hoc

1066 454 1140 480 idem
1162 455 1218 480 in¹³
1244 456 1438 488 personatibus
1464 456 1556 481 esse15
1581 455 1755 481 decernimus
1781 454 1999 485 observandum,

1065 489 1212 521 addentes,
1231 494 1259 514 ut
1277 491 1303 515 in
1322 490 1421 516 cadem
1439 490 1558 515 ecclesia
1576 490 1665 515 nullus
1680 489 1773 522 plures
1787 489 1937 522 dignitates
1951 492 1999 514 aut

1066 529 1232 556 personatus
1246 524 1350 550 habere
1365 525 1563 558 praesumatlss,
1579 524 1688 549 etiamsi
1702 532 1796 549 curam
1809 532 1864 548 non
1878 523 1999 549 habeant

1064 558 1227 583 animarum.
1274 559 1353 584 Circa
1377 559 1509 584 sublimes
1535 564 1628 583 tamen
1654 563 1682 583 et
1705 558 1828 583 literatas
1853 565 1999 591 persona5‚

1065 600 1136 625 quae
1161 593 1312 618 maioribus
1337 598 1401 618 sunt
1426 592 1568 618 beneficiis
1594 592 1788 623 honorandae,
1819 600 1903 625 quum
1928 591 1998 617 ratio

1064 627 1256 660 postulaverit,
1269 636 1319 660 per
1333 627 1430 653 sedem
1443 627 1626 661 apostolicam
1640 627 1743 660 poterit
1756 626 1921 660 dispensari.

1442 704 1513 724 (JAP.
1528 704 1621 723 xxmm

1064 738 1189 758 Concilium
1205 739 1344 763 provinciale
1358 745 1370 758 :i
1385 739 1545 758 beneficiorum
1564 738 1683 757 collatione
1699 738 1812 762 suspendit
1831 744 1876 761 eos,
1894 739 1931 762 qui
1950 740 2000 763 post

1063 766 1183 784 secundam
1199 766 1361 784 correctionem
1376 765 1474 788 indignis
1485 764 1594 783 beneficia
1605 764 1732 783 conferunt:
1748 765 1850 788 providet
1861 765 1935 788 etiam,
1950 765 2000 789 quis

1064 791 1153 810 interim
1169 792 1277 810 beneficia.
1291 792 1399 815 conserat,
1414 794 1435 809 et
1449 791 1510 834 illlam
1525 790 1696 834 {uspelisionem
1712 790 1796 809 relaxat
1810 791 1870 810 solus
1880 792 1947 814 Papa,
1963 791 1999 810 vel

1429 822 1453 835 so
1465 822 1489 835 us
1500 821 1528 839 pa
1540 821 1597 834 rlarc
1615 821 1634 834 a.

1391 862 1480 888 Idem
1499 861 1530 887 in
1550 861 1675 887 eodem.

1133 911 1224 936 Grave
1238 910 1319 935 nimis
1334 913 1377 935 est
1390 913 1417 935 et
1428 908 1591 940 absurdum,
1605 907 1681 941 quod
1693 908 1808 941 quidam
1819 908 1999 936 ecclesiarum

1064 945 1181 978 praelati
1200 953 1285 978 quum
1304 943 1413 978 possint
1430 944 1504 968 viros
1522 942 1640 968 idoneos
1658 942 1694 968 ad
1708 943 1897 968 ecclesiastica
1914 944 1999 970 bene-

1064 978 1126 1004 ficia
1146 987 1322 1012 promovere,
1344 986 1488 1003 assumere
1510 985 1565 1002 non
1586 981 1718 1002 verentur
1739 977 1877 1010 indignos,
1899 978 2000 1011 quibus

1064 1021 1115 1039 nec
1139 1022 1248 1039 morum
1272 1013 1417 1044 honestas,
1442 1020 1493 1037 nec
1517 1011 1659 1037 literarum
1684 1011 1800 1037 scientia
1825 1012 2000 1046 suffragatur,

1064 1048 1233 1073 carnalitatis
1248 1051 1398 1080 sequentes
1412 1045 1553 1077 affectum,
1566 1054 1623 1070 non
1637 1045 1769 1071 iudicium
1782 1046 1909 1076 rationis;
1924 1047 2000 1072 unde

1065 1087 1167 1115 quanta
1192 1082 1317 1108 ecclesiis
1343 1081 1444 1106 damna
1473 1080 1652 1114 proveniant,
1681 1088 1764 1105 nemo
1790 1088 1874 1106 sanae
1899 1081 2000 1107 mentis

1064 1116 1183 1149 ignorat.
1220 1116 1355 1141 Volentes
1373 1115 1457 1148 igitur
1474 1115 1537 1140 huic
1554 1115 1653 1139 morbo
1671 1114 1787 1146 mederi,
1805 1115 2000 1148 praecipimus,

1064 1155 1093 1176 ut
1118 1150 1324 1184 praetermissis
1350 1149 1470 1182 indignis
1496 1149 1613 1174 idoneos
1639 1153 1791 1180 assumant,
1817 1150 1864 1182 qui
1886 1150 1948 1175 Deo
1973 1155 2001 1175 et

1064 1185 1191 1210 ecclesiis
1213 1184 1299 1210 velint
1321 1188 1349 1209 et
1370 1184 1482 1208 valeant
1506 1188 1615 1215 gratum
1640 1183 1804 1216 impendere
1829 1183 2000 1216 famulatum,

1064 1219 1169 1252 fiatque
1187 1219 1223 1244 de
1240 1219 1293 1244 hoc
1312 1218 1338 1243 in
1356 1217 1519 1251 provinciali
1533 1217 1650 1242 concilio
1665 1217 1784 1250 diligens
1799 1217 1940 1251 inquisitio
1953 1227 2001 1244 an-

1063 1254 1169 1279 nuatim
1183 1253 1229 1284 ita,
1243 1253 1306 1278 ut'2*
1320 1253 1367 1286 qui
1379 1256 1441 1285 post
1453 1252 1570 1285 primam
1582 1256 1609 1277 et
1621 1251 1772 1277 secundam
1784 1252 2002 1278 correctionem³

1064 1287 1145 1313 fuerit
1158 1292 1285 1321 repertus
1299 1286 1455 1320 culpabilis,
1469 1295 1485 1311 a
1497 1286 1640 1312 beneficiis
1654 1285 1831 1311 conferendis
1845 1294 1895 1320 per
1908 1287 2001 1320 ipsum

1063 1322 1211 1347 concilium
1230 1321 1426 1355 suspendatur,
1444 1321 1569 1346 instituta
1587 1321 1613 1345 in
1632 1320 1732 1346 eodem
1746 1321 1862 1346 concilio
1880 1329 2001 1354 persona

1064 1356 1181 1390 provida
1203 1360 1231 1381 et
1252 1356 1380 1386 honesta,
1402 1363 1473 1389 quae
1493 1355 1621 1388 suspensi
1645 1355 1773 1388 suppleat
1793 1355 1952 1381 desectum4
1973 1356 2001 1381 in

1063 1391 1206 1416 beneficiis
1225 1390 1411 1416 conferendis.
1449 1390 1483 1414 Et
1506 1389 1559 1414 hoc
1577 1389 1669 1422 ipsum
1687 1389 1758 1414 circa
1776 1390 1905 1423 capitula,
1929 1398 2001 1424 quae

1063 1425 1091 1450 in
1104 1425 1147 1450 his
1162 1425 1338 1458 deliquerint,
1353 1424 1526 1450 observetur.
1563 1424 1772 1457 Metropolitani
1786 1432 1852 1449 vero
1867 1424 2001 1450 delictum

1064 1459 1215 1493 superioris
1230 1459 1331 1484 iudicio
1345 1459 1526 1491 relinquatur,
1544 1466 1577 1483 ex
1590 1462 1668 1491 parte
1682 1458 1789 1483 concilii
1803 1458 2000 1484 nunciandum.

1064 1494 1103 1519 Ut
1124 1498 1218 1519 autem
1240 1494 1310 1519 haec
1331 1493 1450 1518 salubris
1472 1492 1595 1526 provisio
1621 1492 1774 1525 pleniorem
1796 1494 2002 1526 consequatur5

1064 1528 1204 1560 effectum,
1222 1527 1382 1553 huiusmodi
1402 1527 1593 1560 suspensionis
1607 1527 1746 1552 sententia
1759 1531 1870 1560 praeter
1882 1527 2000 1553 Romani

1065 1562 1207 1588 Pontificis
1238 1562 1452 1588 auctoritatemss
1481 1565 1528 1586 aut
1558 1561 1662 1595 proprii
1688 1561 1861 1594 patriarchae
1886 1562 2001 1587 minime

1063 1597 1227 1629 relaxetur7,
1250 1596 1296 1622 utS
1313 1596 1340 1621 in
1358 1596 1412 1621 hoc
1430 1604 1543 1630 quoque
1562 1600 1683 1629 quatuor
1699 1596 1899 1629 patriarchales
1917 1596 2000 1622 sedes

1063 1631 1223 1666 specialiter
1236 1632 1418 1657 honorentur.

1447 1691 1519 1711 CAP.
1534 1691 1615 1710 XXXA

1063 1727 1146 1746 Rector
1160 1726 1276 1749 ecclesiae,
1292 1731 1338 1745 non
1353 1725 1455 1745 obstante
1471 1725 1633 1744 consuetudine
1647 1725 1752 1749 episcopi,
1767 1724 1802 1744 vel
1821 1726 1916 1749 patroni,
1936 1725 2003 1745 debet

1063 1753 1090 1772 de
1105 1753 1214 1772 reditibus
1228 1752 1338 1771 ecclesiae
1352 1752 1500 1770 sufficientem
1515 1752 1597 1770 habere
1612 1752 1745 1775 portionem.
1778 1752 1805 1770 H.
1821 1752 1841 1769 d.
1857 1757 1926 1775 usque
1940 1752 1968 1771 ad
1983 1754 2001 1774 ξ.

1064 1779 1106 1801 Qui
1117 1784 1177 1797 vero.
1189 1778 1242 1802 (Qui
1252 1784 1305 1797 vero
1316 1779 1358 1796 etc.
1366 1777 1380 1801 :)
1395 1778 1498 1796 Privatus
1513 1779 1547 1796 est
1561 1777 1683 1800 parochiali
1694 1777 1790 1796 ecelesia
1800 1779 1874 1796 rector
1887 1778 1909 1796 in
1920 1783 1946 1797 ea
1956 1784 2002 1796 nou

1063 1804 1170 1826 residens,
1190 1804 1233 1822 nisi
1252 1804 1281 1822 sit
1299 1808 1387 1822 annexa
1406 1803 1509 1827 dignitati
1527 1803 1562 1821 vel
1581 1803 1730 1827 praebendae,
1753 1808 1796 1826 quo
1815 1809 1868 1822 casu
1886 1804 1953 1822 debet
1970 1804 2002 1822 ibi

1063 1831 1145 1849 habore
1156 1832 1286 1854 perpetuum
1297 1830 1415 1848 vicarium.
1444 1830 1472 1847 Et
1482 1829 1505 1847 in
1516 1828 1559 1847 fine
1570 1829 1679 1852 prohibet,
1696 1829 1719 1847 in
1730 1829 1830 1848 fraudem
1841 1829 1965 1848 rectoribus
1975 1830 2003 1848 de

1062 1857 1131 1880 ipsius
1150 1856 1296 1880 proventibus
1314 1855 1446 1879 pensionem
1465 1855 1488 1873 iu
1507 1855 1641 1873 beneficium
1660 1854 1716 1873 dari.
1749 1855 1777 1873 H.
1794 1855 1814 1873 d.
1834 1855 1876 1874 Vel
1890 1855 1934 1873 sin:
1957 1861 2003 1874 non

1063 1882 1164 1901 residens
1175 1883 1198 1900 in
1209 1881 1305 1901 ecclesia
1315 1881 1445 1904 parochiali,
1452 1881 1488 1899 vel
1498 1886 1543 1899 non
1553 1886 1640 1904 ponens
1649 1880 1766 1903 vicarium,
1773 1880 1862 1904 quando
1873 1883 1905 1900 est
1915 1887 2003 1900 annexa

1288 1906 1397 1926 beneficio
1408 1907 1495 1930 maiori,
1506 1907 1605 1930 privatus
1615 1908 1648 1925 est
1658 1912 1690 1925 ea.
1718 1906 1745 1924 II.
1756 1906 1777 1925 d.

1390 1953 1481 1979 Idem
1500 1953 1532 1979 in
1550 1952 1675 1979 eodem.

1132 2000 1336 2034 Exstirpandae
1354 2000 1563 2027 consuetudinis
1581 2000 1678 2025 vitium
1696 2000 1723 2025 in
1737 2000 1906 2033 quibusdam
1919 2000 2001 2034 parti-

1064 2035 1116 2060 bus
1131 2035 1255 2067 inolevit,
1275 2035 1351 2068 quod
1365 2035 1470 2061 scilicet
1483 2034 1685 2068 parochialium
1698 2035 1879 2060 ecclesiarum
1912 2035 2001 2061 atroni

1064 2074 1092 2095 et
1109 2070 1180 2095 aliae
1198 2070 1337 2103 quaedam
1355 2077 1493 2103 personae
1511 2073 1663 2102 proventus
1681 2068 1805 2102 ipsarum
1822 2069 1874 2095 sibi
1908 2069 2001 2103 paene]

1065 2104 1175 2138 penitus
1196 2104 1380 2136 vindicantes,
1405 2103 1577 2137 presbyteris
1599 2104 1770 2129 earundem2
1793 2103 1929 2130 servitiis³
1955 2104 2001 2130 de—

1064 2138 1167 2172 putatis
1186 2138 1365 2172 relinquunt4
1382 2138 1455 2163 adeo
1474 2138 1603 2171 exiguam
1620 2137 1788 2171 portionem,
1808 2138 1902 2171 quod5
1919 2147 1952 2164 ex
1970 2147 2003 2164 ea

1064 2177 1205 2206 nequeant
1219 2180 1340 2205 congrue
1354 2172 1514 2198 sustentari.
1551 2173 1632 2204 Nam,
1646 2176 1675 2197 ut
1689 2181 1739 2206 pro
1753 2177 1829 2198 certo
1844 2172 2002 2204 didicimus,

1064 2207 1108 2232 inti
1130 2206 1298 2240 quibusdam
1319 2207 1481 2240 regionibus
1499 2206 1674 2240 parochiales
1692 2207 1850 2240 presbyteri
1867 2215 1917 2240 pro
1936 2207 2002 2232 sua7

1065 2241 1269 2267 sustentatione
1294 2249 1349 2267 non
1374 2241 1502 2267 obtinent
1526 2240 1580 2266 nisi
1606 2245 1734 2274 quartam
1759 2245 1885 2274 quartae,
1909 2241 1938 2266 id
1959 2245 2002 2267 est

1065 2280 1172 2301 sextam
1186 2275 1324 2301 decimam
1338 2275 1517 2302 decimarum.
1554 2275 1638 2301 Unde
1651 2275 1691 2307 fit,
1705 2279 1735 2300 ut
1748 2275 1774 2300 in
1788 2276 1830 2301 his
1842 2275 2001 2308 regionibus

1065 2318 1154 2343 paene
1172 2309 1263 2335 nullus
1280 2310 1437 2335 inveniatur
1458 2309 1592 2335 sacerdos
1615 2310 1792 2343 parochialis,
1816 2310 1862 2343 qui
1885 2310 2002 2335 ullamb'·

1064 2344 1109 2370 vel
1130 2344 1271 2369 modicam
1293 2344 1396 2370 habeat
1418 2344 1549 2378 peritiam
1572 2344 1722 2370 literarum.
1759 2344 1850 2377 Quum
1868 2344 1951 2377 igitur
1969 2352 2000 2369 os

1064 2378 1144 2404 bovis
1158 2378 1255 2411 1igari⁹
1268 2387 1323 2404 non
1338 2378 1441 2404 debeat
1455 2378 1619 2410 triturantiS,
1633 2378 1685 2404 sed
1699 2378 1746 2412 qui
1755 2378 1853 2404 altario
1868 2378 1952 2404 servit
1965 2378 2002 2403 de

1065 2413 1145 2438 altari
1167 2414 1261 2438 vivere
1279 2413 1392 2445 debeat,
1416 2413 1574 2444 statuimus,
1596 2417 1634 2444 ut,
1657 2412 1859 2438 consuetudine
1877 2412 2002 2445 qualibet

1064 2447 1189 2481 episcopi
1208 2447 1252 2472 vel
1265 2447 1385 2481 patroni,
1403 2456 1452 2473 seu
1470 2447 1648 2473 cuiuslibet10
1665 2447 1778 2472 alterius
1792 2455 1847 2472 non
1861 2447 2001 2478 obstante,

1065 2481 1156 2515 portio
1182 2482 1354 2515 presbyteris
1380 2482 1449 2515 ipsis
1476 2481 1617 2507 sufficiens
1642 2481 1809 2514 assignetur.
1858 2481 1910 2514 Qui
1935 2488 2001 2506 vcro

1065 2515 1255 2549 parochialem
1272 2516 1386 2542 habet11
1409 2515 1566 2547 ecclesiam,
1584 2524 1640 2541 non
1659 2524 1708 2549 per
1725 2515 1865 2546 vicarium,
1884 2514 1934 2540 sed
1951 2523 2002 2548 per

1064 2558 1095 2576 se
1109 2550 1201 2584 ipsum
1214 2550 1251 2575 illi
1266 2550 1407 2576 deserviat
1420 2550 1447 2576 in
1461 2550 1568 2582 ordine,
1588 2558 1671 2583 quem
1686 2549 1772 2583 ipsius
1785 2549 1921 2574 ecclesiae
1935 2557 2001 2574 cura

1065 2584 1189 2618 requirit,
1207 2585 1260 2610 nisi
1279 2584 1351 2611 forte
1369 2585 1499 2618 dignitati
1517 2584 1563 2610 vel
1579 2583 1759 2618 praebendae
1777 2583 1942 2616 parochialis
1956 2591 2000 2608 ec-

1065 2619 1180 2645 clesiaffl
1197 2619 1233 2644 sit
1246 2627 1363 2646 annexa.
1400 2620 1429 2644 ln
1443 2627 1499 2653 quo
1514 2627 1579 2644 casu
1594 2618 1782 2650 concedimus,
1801 2618 1860 2643 ιιῖ13
1877 2618 1936 2649 ism,
1954 2617 2001 2651 qui

1679 2729 1710 2754 lu)
1722 2730 1748 2749 ci.
1760 2729 1822 2748 που-τ
1837 2729 1906 2748 (ἰωή.-
1920 2728 2001 2754 Dbdfqh

1063 2731 1123 2750 eone.
1135 2730 1173 2750 Jts.
1209 2731 1229 2755 S)
1240 2733 1296 2751 tros:
1311 2731 1369 2751 (fone.
1406 2731 1426 2755 9)
1437 2732 1517 2751 alium:
1534 2730 1565 2749 Du
1577 2731 1636 2749 t'onc.

1743 2755 1774 2779 13)
1785 2761 1811 2774 ex
1822 2761 1859 2774 eo:
1875 2755 1942 2774 ttfrst:
1956 2755 2003 2775 Md

1064 2756 1096 2779 11)
1107 2757 1252 2777 utilitatibus:
1269 2757 1314 2777 Ilbd
1354 2757 1385 2781 12)
1397 2758 1455 2777 illius
1466 2758 1532 2776 ecch:
1548 2756 1578 2775 Im
1589 2758 1647 2774 stunc.
1659 2755 1696 2774 Ms.

1064 2783 1096 2807 1-1)
1107 2785 1129 2802 et
1139 2783 1174 2802 in:
1189 2782 1275 2806 Dabam.
1328 2783 1360 2805 15)
1371 2789 1431 2803 csse:
1446 2783 1515 2802 drrst:
1530 2782 1559 2806 11]·
1567 2783 1625 2801 t'our.
1680 2782 1711 2801 Iti)
1722 2783 1874 2804 praesumunt:
1890 2780 1928 2800 Dla.

1115 2808 1177 2833 Cap.
1192 2809 1270 2828 XXIX.
1299 2811 1318 2831 1)
1329 2815 1346 2828 c.
1357 2811 1388 2828 30.
1400 2809 1466 2828 einsd.
1478 2810 1550 2828 Fons..-
1565 2810 1631 2831 t'mnp.
1643 2808 1679 2826 IV.
1690 2813 1707 2825 r.
1718 2808 1736 2825 5.
1747 2807 1768 2825 Ιι.
1779 2807 1793 2825 t.
1805 2808 1832 2829 (³.
1843 2806 1872 2830 2.)
1900 2807 1920 2829 ἓ)
1931 2807 2000 2831 quod:

1064 2833 1098 2852 GD
1108 2834 1168 2853 Cone.
1229 2834 1250 2858 3)
1261 2835 1436 2858 correptionem:
1454 2834 1483 2853 Db
1493 2835 1551 2852 l'nnc.
1564 2833 1600 2852 ΜΝ.
1662 2833 1683 2851 Δ1)
1694 2833 1806 2851 (ieiunum
1822 2832 1852 2851 mi
1918 2834 1940 2853 5)
1950 2839 2002 2852 con-

1063 2861 1173 2884 sequitur:
1188 2859 1235 2879 Dad
1266 2861 1286 2883 ti)
1297 2861 1469 2880 conscientium:
1487 2859 1516 2883 I¹s
1525 2860 1584 2878 Cone.
1597 2858 1634 2877 jls.
1667 2859 1687 2883 ῖ)
1699 2858 1822 2877 relaxatur:
1836 2857 1884 2877 Dbd
1912 2859 1933 2883 8)
1944 2860 2002 2879 utin

1063 2885 1116 2905 hoc:
1131 2886 1199 2906 deest:
1215 2886 1290 2911 Daltflu.

1114 2911 1175 2936 Cap.
1189 2913 1258 2931 XXX.
1286 2912 1305 2935 1)
1316 2918 1332 2931 c.
1343 2913 1375 2931 3².
1385 2911 1425 2932 ilus
1439 2911 1505 2935 Conni.
1517 2911 1554 2929 IV.
1565 2915 1581 2928 c.
1593 2911 1611 2928 ti.
1623 2909 1642 2928 Ιι.
1655 2909 1668 2927 t.
1680 2910 1707 2933 «³.
1719 2909 1747 2931 2.)
1808 2909 1829 2931 2)
1839 2915 1928 2929 earum:
1942 2910 1999 2930 Cant.

1064 2936 1135 2956 Brnnn.
1171 2938 1193 2962 8)
1203 2939 1307 2957 servitio:
1322 2937 1353 2962 11]·
1361 2938 1420 2956 Cone.
1456 2938 1476 2955 *ti
1489 2935 1630 2960 reliquerint:
1646 2934 1687 2955 Db:
1703 2935 1852 2959 reliquerunt:
1867 2935 1900 2954 vet
1934 2936 1955 2958 5)
1966 2938 2000 2956 uta

1062 2962 1081 2981 D
1091 2964 1150 2983 Cone.
1217 2963 1236 2987 ti)
1252 2964 1311 2987 quod
1326 2964 1360 2982 in:
1376 2962 1418 2983 Db.-
1435 2961 1502 2980 then:
1516 2961 1548 2980 ltu
1614 2960 1634 2980 ῗ)
1649 2966 1700 2980 sua:
1719 2960 1788 2980 deest:
1806 2961 1866 2980 conc.
1881 2967 1916 2986 ap.
1931 2961 1999 2982 Mans.

1062 2988 1083 3012 8)
1098 2989 1149 3008 ull.:
1168 2989 1236 3008 deest:
1256 2988 1394 3011 (IHIlt'Ildaeflm
1414 2988 1451 3007 ull.
1467 2987 1514 3006 vel:
1533 2986 1599 3006 deest:
1618 2985 1664 3005 Dan
1747 2986 1767 3009 9)
1787 2987 1886 3011 alligari:
1906 2987 1925 3006 D
1940 2988 2000 3008 Cone.

1063 3013 1096 3036 10)
1106 3015 1270 3039 cuiuscunque:
1285 3015 1311 3034 ib.
1345 3014 1377 3036 11)
1388 3014 1479 3033 habeat:
1495 3012 1538 3036 llas]
1574 3012 1605 3037 12)
1616 3012 1735 3032 ecclcsiae:
1747 3011 1785 3032 Ed.
1796 3011 1854 3033 Rom.
1867 3018 1923 3039 oper.
1933 3013 2002 3036 utenti.

1063 3040 1096 3066 1³)
1107 3042 1141 3060 ut:
1155 3040 1222 3060 deest:
1236 3040 1268 3060 Dk
1317 3040 1350 3065 11)
1360 3040 1390 3059 is:
1405 3039 1472 3058 deest.-
1486 3037 1541 3058 Daci.
