2243 3288
431 646 791 698 SEXTI

882 646 1771 699 DECRETALIUM

724 782 1024 827 LIBER
1096 781 1484 829 PRIMUS.

383 958 609 987 TITULUS
646 959 851 987 PRIMUS.

146 1015 203 1041 DE
223 1015 376 1041 SUMMA
395 1015 629 1041 TRINITATE
649 1016 701 1042 ET
720 1016 819 1042 FIDE
837 1016 1089 1042 CATHOLICA.

549 1086 623 1105 CAP.
639 1086 692 1105 UN.

147 1119 244 1144 Spiritus
260 1122 351 1139 sanctus
366 1121 510 1139 aeternaliter
520 1126 533 1139 a
544 1120 611 1139 Patre
622 1122 644 1140 et
657 1120 716 1139 Filio
731 1122 837 1144 tanquam
852 1121 880 1139 ab
891 1126 935 1139 uno
946 1120 1057 1144 principio
1069 1122 1090 1140 et

363 1147 431 1166 unica
440 1147 563 1170 spiratione
573 1147 682 1170 procedit.
711 1147 790 1166 Ioann.
800 1147 871 1166 Andr.

168 1188 357 1221 Gregorius
376 1189 410 1215 X.
431 1189 463 1214 in
482 1189 638 1222 generali
657 1189 804 1215 concilio
823 1188 1072 1222 Lugdunensiss.

216 1231 306 1257 Fideli
327 1240 360 1257 ac
384 1231 487 1257 devota
511 1231 689 1265 professione
713 1231 843 1264 fatemur,
868 1231 945 1266 quod
970 1231 1089 1265 Spiritus

147 1269 260 1291 sanctus
274 1266 454 1292 aeternaliter
471 1274 505 1292 ex
518 1267 600 1292 Patre
614 1270 641 1292 et
658 1266 739 1299 Filio,
752 1275 809 1292 non
827 1271 960 1300 tanquam
973 1274 1007 1292 ex
1021 1266 1088 1291 duo-

145 1300 199 1326 bus
217 1300 370 1334 principiis,
384 1301 436 1326 sed
455 1305 590 1334 tanquam
604 1309 638 1327 ex
651 1309 705 1326 uno
724 1301 871 1335 principio,
884 1309 941 1326 non
959 1300 1088 1326 duabusb

146 1334 356 1369 spirationibus,
369 1335 421 1361 sed
439 1335 520 1360 unica
537 1336 691 1370 spiratione
708 1335 845 1369 procedit.
882 1336 943 1361 Hoc
960 1335 1089 1369 professa

146 1374 189 1396 est
211 1369 356 1402 hactenus,
380 1369 552 1403 praedicavit
572 1374 599 1396 et
617 1370 721 1402 docuit,
741 1370 794 1395 hoc
812 1370 927 1395 firmiter
948 1374 1025 1395 tenet
1044 1370 1087 1395 et1

146 1404 301 1438 praedicat,
315 1404 462 1438 profitetur
480 1409 508 1430 et
526 1404 609 1430 docet
627 1409 807 1430 sacrosancta
819 1405 946 1430 Romana
959 1403 1088 1436 ecclesia,

145 1443 235 1464 mater
254 1439 378 1464 omnium
391 1439 516 1464 fidelium
533 1444 560 1465 et
578 1439 725 1472 magistra;
748 1439 801 1464 hoc
818 1439 905 1465 habet
919 1438 1088 1464 orthodoxo-

145 1482 208 1499 rum
218 1474 331 1499 Patrum
341 1478 427 1507 atque
438 1473 585 1499 doctorum
595 1474 757 1499 Latinorum
767 1474 873 1507 pariter
883 1478 910 1499 et
917 1474 1089 1499 Graecorum

145 1507 382 1534 incommutabilis
394 1513 440 1534 etC
450 1516 516 1534 vera
526 1508 675 1534 sententia.
695 1508 751 1534 Sed
763 1508 828 1542 quia
838 1508 962 1534 nonnulli
973 1512 1089 1542 propter

146 1542 346 1576 irrefragabilis
369 1543 542 1576 praemissae
564 1543 688 1568 veritatis
716 1542 902 1575 ignorantiam
926 1543 954 1568 in
978 1550 1088 1568 errores

145 1577 238 1603 varios
257 1581 321 1602 sunt
338 1577 478 1611 prolapsi:
501 1585 562 1609 nos,
581 1577 742 1603 huiusmodi
760 1577 901 1603 erroribus
917 1577 991 1602 viam
1008 1585 1088 1611 prae-

146 1611 259 1638 cludere
270 1612 426 1646 cupientes,
434 1611 506 1637 hocd
516 1620 596 1637 sacro
608 1612 783 1646 approbante
794 1611 911 1637 concilio
923 1611 1088 1637 damnamus

145 1651 174 1672 et
186 1646 372 1680 reprobamus
385 1654 494 1678 omneS,
508 1646 555 1680 qui
573 1654 679 1679 negare
697 1646 948 1680 praesumpserint,
961 1651 1088 1672 aeterna-

144 1681 208 1707 liter
229 1681 364 1715 Spiritum
386 1685 514 1707 sanctum
535 1689 569 1706 ex
591 1681 673 1707 Patre
697 1686 726 1707 et
747 1681 816 1707 Filio
839 1681 1004 1715 procedere,
1029 1681 1088 1706 sive

145 1715 232 1741 etiam
255 1715 404 1741 temerario
426 1724 495 1741 ausu
518 1723 656 1747 asserere,
678 1715 756 1749 quod
779 1715 898 1749 Spiritus
920 1720 1032 1741 sanctus
1054 1723 1089 1741 ex

144 1751 227 1776 Patre
240 1754 268 1776 et
278 1750 348 1775 Filio
362 1754 495 1784 tanquam
506 1758 540 1776 ex
554 1749 665 1775 duobus
679 1750 834 1784 principiis,
843 1754 872 1776 et
886 1758 941 1775 non
955 1754 1089 1784 tanquam

145 1793 180 1811 ex
193 1793 248 1811 uno
261 1784 407 1819 procedat.

469 1864 695 1893 TITULUS
722 1864 758 1892 Π.

359 1923 416 1948 DE
435 1921 874 1948 CONSTITUTIONIBUS.

565 1991 639 2011 CAP.
654 1992 672 2010 Ι.

145 2029 209 2047 Nova
228 2028 358 2046 constitutio
378 2026 509 2050 principalis
528 2026 587 2045 tollit
605 2026 700 2050 primam
720 2026 864 2050 contrariam,
885 2027 987 2050 quamvis
1005 2027 1028 2045 id
1043 2032 1089 2046 uon

144 2054 269 2078 exprimat;
285 2053 393 2078 speciales
404 2053 578 2072 eonsuetudines
588 2054 610 2071 et
625 2054 708 2071 statut-a
718 2052 862 2071 rationabilia
872 2058 918 2071 non
928 2053 994 2076 tollit,
1011 2053 1055 2072 nisi
1065 2054 1088 2072 id

462 2079 579 2102 exprimat.
606 2078 685 2097 Ioanu.
700 2078 771 2097 Andr.

474 2120 672 2146 Bonifacius
691 2120 762 2146 VIII.

213 2164 291 2191 Licet
300 2165 444 2190 Romanus
455 2163 592 2196 Pontifex,
604 2164 651 2197 qui
662 2163 722 2188 iura
732 2163 826 2189 omnia
837 2163 864 2188 in
878 2163 978 2189 scrinio
993 2168 1087 2197 pecto-

145 2200 183 2226 ris
197 2200 239 2226 sui
253 2204 384 2226 censetur
401 2199 516 2231 habere,
534 2198 765 2224 constitutionem
783 2197 932 2224 condendo
950 2198 1088 2232 posterio-

145 2243 220 2267 rem,
245 2234 382 2268 priorem,
408 2234 535 2267 quamvis
561 2232 597 2259 de
626 2233 688 2266 ipsa
711 2232 884 2258 mentionem
913 2240 970 2258 non
995 2232 1088 2265 faciat,

146 2277 278 2296 revocare
303 2273 449 2294 noscatur:
476 2268 542 2301 quia
567 2272 661 2293 tamen
686 2267 813 2292 locorum
837 2267 1035 2301 specialiuml*
1060 2272 1089 2293 et

145 2312 332 2338 personarum
357 2303 541 2336 singularium
566 2301 785 2328 consuetudines
810 2306 839 2327 et
863 2306 977 2334 statuta,
1002 2310 1089 2335 quum

145 2339 201 2364 sint
213 2337 280 2364 facti
294 2342 323 2364 et
335 2337 363 2363 in
376 2337 451 2363 facto
466 2337 629 2368 consistant,
640 2340 735 2370 potest
749 2336 933 2370 probabiliter
945 2336 1087 2369 ignorare:

147 2373 226 2407 ipsis,
240 2372 307 2398 dum
324 2377 419 2398 tamen
438 2371 493 2397 sint
511 2371 697 2403 rationabilia,
715 2379 766 2404 per
783 2370 1012 2397 constitutionem
1028 2379 1045 2396 a
1057 2379 1089 2397 se

144 2407 256 2433 noviter
269 2407 383 2439 editam,
397 2407 450 2432 nisi
470 2414 603 2440 expresse
617 2409 748 2432 caveatur
762 2405 789 2430 in
807 2405 878 2439 ipsa,
892 2413 947 2430 non
961 2405 1089 2439 intelligi-

146 2447 191 2468 tur
204 2442 232 2468 in
246 2442 340 2476 aliquo
355 2441 504 2475 derogare.

562 2492 636 2512 CAP.
650 2492 679 2511 11.

146 2530 196 2549 Duo
206 2530 257 2548 sunt
267 2529 340 2548 dicta:
355 2528 457 2552 primum,
469 2527 528 2551 quod
539 2528 622 2546 statuta
631 2527 797 2545 ordinariorum
808 2531 854 2545 non
864 2526 935 2550 ligant
944 2526 1092 2550 probabiliter

146 2556 290 2580 ignorantem
305 2554 436 2577 secundum,
452 2553 510 2577 quod
526 2554 632 2572 statutum
649 2553 747 2576 episcopi
758 2554 822 2571 extra
831 2558 894 2571 suam
905 2553 1026 2572 dioecesim
1042 2553 1091 2572 sub-

426 2580 496 2598 ditum
507 2585 552 2598 non
562 2579 624 2603 ligat.
652 2579 731 2598 loaun.
742 2579 812 2597 Andr.

566 2621 668 2647 Idem.

215 2666 255 2692 Ut
273 2665 428 2692 animarum
447 2664 579 2699 periculis
598 2664 736 2697 obvietur,
754 2663 900 2690 sententiis
920 2671 970 2697 per
987 2667 1092 2690 statuta

214 2772 272 2796 Tit.
290 2773 310 2796 I.
351 2772 421 2802 Cap.
438 2779 483 2794 un.
523 2768 548 2802 a)
564 2770 642 2794 Cone.
660 2767 738 2800 Luyd.
753 2769 789 2792 11.
807 2776 827 2792 c.
842 2775 861 2793 1.
874 2766 985 2800 (1274.);
999 2766 1087 2800 Comp.

147 2807 177 2837 I.,
191 2815 234 2831 un.
293 2805 320 2839 b)
334 2814 364 2830 ex
377 2806 450 2830 duab.
461 2815 467 2829 :
480 2804 521 2829 Ile
579 2804 602 2836 c)
616 2808 651 2828 et:
664 2803 744 2827 deest:
761 2802 823 2827 Harl
888 2802 915 2834 d)
929 2803 990 2827 hoc:
1010 2802 1088 2827 deest:

147 2839 273 2900 Ηαὸςῖᾳζῖῑ,
292 2876 341 2900 ΙΙΙ,
381 2875 451 2906 Cap.
472 2875 488 2898 l.
537 2872 562 2905 a)
581 2871 614 2904 cs.
633 2873 741 2897 ὸίιηιηια
759 2871 864 2896 ssltmac.
879 2879 902 2902 4.
921 2871 945 2895 in
963 2871 1016 2895 310·
1036 2872 1089 2903 ipso

147 2911 198 2935 iure
210 2919 261 2934 non
273 2910 346 2940 valet,
363 2910 430 2942 qnod
444 2909 469 2933 fit
484 2917 527 2940 pe:
539 2909 621 2932 literas
634 2908 666 2931 ab
678 2907 891 2931 excommunicato
905 2907 1054 2938 impetratas.

217 2945 288 2977 Cap.
305 2945 342 2969 ΙΙ.

200 3056 253 3075 Tit.
268 3056 285 3075 1.
313 3056 375 3080 Cap.
389 3061 427 3075 un.
456 3056 475 3079 1)
486 3057 519 3075 et:
534 3054 601 3074 deest:
618 3052 719 3077 Dllabdf:
734 3055 756 3072 et
767 3053 855 3077 praed.:
869 3052 937 3072 deest.-
953 3051 975 3071 G.

200 3082 252 3101 Tit.
266 3082 295 3101 Π.
322 3082 387 3106 Cap.
402 3082 418 3100 1.
446 3081 466 3106 1)
477 3087 548 3105 spem:
563 3079 630 3099 deest:
645 3078 755 3098 ‚illvm-¹0:

200 3108 253 3130 Tit.
266 3108 307 3128 111.
335 3108 397 3133 Cap.
411 3107 440 3129 Η.
468 3106 488 3133 x)
499 3107 595 3127 variari:
609 3104 742 3127 ABCDFGJc.

381 2943 435 2976 a)c.
445 2951 466 2968 1.
476 2940 839 2975 C.L129111m.1.(1245.)—ln
852 2940 933 2965 Bulla
946 2940 1092 2965 lnnocmztii
1124 2949 1148 2965 n.
1158 2950 1164 2965 z
1176 2940 1256 2966 deest:
1270 2941 1337 2966 Iaca

1127 963 1359 990 quorumcunque
1381 955 1585 980 ordinariorum
1607 954 1723 988 prolatis
1746 954 1824 987 ligari
1843 954 1972 979 nolumus
1991 954 2068 987 igno-

1126 995 1233 1016 rantes:
1256 990 1324 1016 dum
1341 995 1436 1015 tamen
1454 998 1551 1015 eorum
1569 989 1727 1022 ignorantia
1744 997 1838 1014 crassa
1856 997 1911 1013 non
1924 988 2006 1014 fuerit
2019 993 2068 1014 aut

1126 1025 1234 1059 supina.
1272 1026 1382 1050 statuto
1401 1024 1537 1058 episcopi,
1556 1032 1611 1057 quo
1630 1023 1658 1048 in
1676 1031 1784 1055 omnes,
1804 1023 1851 1056 qui
1874 1023 1975 1048 furtum
1993 1031 2067 1048 com-

1125 1059 1261 1091 miserint,
1275 1058 1571 1085 excommunicationis
1590 1058 1730 1083 sententia
1747 1057 1949 1091 promulgatur,
1962 1057 2067 1082 subditi

1126 1094 1195 1126 eius,
1214 1094 1318 1119 furtum
1336 1098 1414 1119 extra
1431 1092 1520 1126 ipsius
1539 1092 1691 1118 dioecesim
1715 1092 1932 1123 committentes,
1955 1091 2069 1117 minime

1125 1129 1205 1162 ligari
1227 1132 1389 1160 noscuntur,
1413 1135 1499 1161 quum
1522 1131 1600 1153 extra
1622 1126 1792 1152 territorium
1817 1126 1859 1152 ius
1885 1126 1987 1152 dicenti
2012 1134 2067 1151 non

1125 1167 1257 1197 pareatur
1270 1163 1394 1196 impune.

1443 1241 1668 1270 TITULUS
1696 1241 1746 1268 IH.

1373 1299 1438 1324 DE
1474 1298 1820 1325 RESCRIPTIS.

1541 1368 1614 1388 CAP.
1630 1369 1649 1387 Ι.

1125 1404 1274 1427 Rescriptum,
1291 1404 1434 1427 impetratum
1445 1403 1473 1422 ab
1484 1403 1686 1425 excommunicato,
1703 1404 1736 1422 est
1750 1402 1798 1426 ipso
1809 1402 1858 1421 iure
1868 1402 1961 1425 nullum.
1978 1404 2000 1421 et
2009 1403 2070 1426 quic-

1137 1430 1190 1454 quid
1202 1430 1254 1449 inde
1265 1432 1365 1449 secutum
1377 1431 1416 1453 esty
1428 1429 1472 1448 nisi
1483 1430 1506 1448 in
1517 1435 1584 1448 causa
1594 1428 1836 1448 excommunicationis
1845 1428 1881 1447 vel
1891 1428 2056 1452 appellationis.

1459 1471 1646 1505 Gregorius
1667 1471 1733 1496 IX.³

1192 1516 1256 1549 Ipso
1271 1515 1330 1541 iure
1348 1514 1524 1548 rescriptum,
1537 1514 1583 1540 vel
1600 1522 1750 1548 processus
1765 1522 1817 1547 per
1835 1513 1927 1547 ipsum
1944 1513 2066 1545 habitus,

1123 1558 1179 1575 non
1196 1550 1298 1582 valeat,
1310 1550 1333 1575 si
1350 1550 1386 1575 ab
1404 1548 1644 1575 excommunicato
1668 1557 1754 1582 super
1775 1548 1829 1574 alio
1853 1556 1937 1582 quam
1956 1556 2066 1574 excom-

1124 1584 1321 1610 municationis
1334 1584 1379 1610 vel
1393 1583 1591 1618 appellationis
1606 1583 1723 1609 articulo
1738 1582 1820 1609 fuerit
1833 1583 2023 1617 impetratum.

1535 1653 1608 1673 CAP.
1623 1654 1652 1672 Π.

1123 1689 1168 1707 Per
1182 1688 1317 1708 clausulam:
1339 1688 1436 1711 Quidam
1450 1688 1496 1711 alii,
1513 1690 1606 1712 possunt
1620 1687 1663 1706 soli
1677 1688 1772 1711 quatuor
1787 1687 1911 1709 conveniri,
1926 1692 2020 1711 quorum
2030 1693 2070 1706 nu-

1124 1715 1186 1734 mina
1196 1715 1220 1734 iu
1230 1715 1302 1738 primo
1313 1715 1416 1734 citatorio
1428 1715 1590 1738 exprimantur,
1601 1719 1629 1732 ne
1639 1714 1761 1732 variationi
1771 1714 1799 1732 sit
1810 1713 1879 1732 loeus.
1908 1714 1987 1732 Ioann.
1997 1714 2068 1732 Andr.

1210 1757 1432 1783 Innocentius
1451 1757 1498 1782 IV.
1517 1756 1549 1781 in
1568 1755 1718 1781 concilio
1737 1755 1988 1789 Lugdunensiss.

1194 1800 1287 1833 Quum
1304 1800 1332 1825 in
1349 1799 1444 1825 multis
1462 1799 1528 1825 iuris
1542 1798 1664 1824 articulis
1679 1798 1800 1824 infinitas
1814 1799 1990 1832 reprobetur,
2004 1807 2067 1832 pro-

1124 1834 1190 1860 vide
1208 1835 1336 1860 duximus
1355 1834 1546 1866 statuendum,
1560 1838 1590 1858 ut
1607 1841 1658 1867 per
1671 1833 1767 1858 illamb
1786 1834 1947 1866 generalem
1961 1833 2068 1859 clausu-

1124 1869 1193 1895 lam:
1218 1869 1365 1903 „Quidam
1386 1869 1462 1901 alii,“
1483 1876 1556 1902 quae
1574 1868 1737 1901 frequenter
1755 1867 1783 1893 in
1801 1868 1888 1893 literis
1906 1868 2009 1893 nostris
2027 1868 2066 1893 in-

1125 1904 1235 1936 seritur,
1253 1904 1325 1929 ultra
1346 1908 1402 1930 tres
1424 1903 1469 1929 vel
1492 1907 1614 1937 quatuor
1636 1902 1663 1927 in
1686 1902 1819 1927 iudicium
1840 1910 1897 1927 non
1916 1902 2068 1933 trahantur,

1126 1947 1245 1972 quorum
1258 1938 1373 1964 nomina
1390 1938 1419 1963 in
1436 1938 1528 1972 primo
1546 1937 1674 1963 citatorio
1688 1937 1828 1970 exprimat
1845 1937 2019 1970 impetrator,
2032 1945 2068 1963 ne

1124 1973 1203 1999 locus
1221 1972 1312 1999 fraudi
1330 1972 1450 1999 forsitan
1472 1972 1653 2006 relinquatur,
1673 1971 1696 1997 si
1718 1971 1791 1997 circa
1812 1979 1846 1997 ea
1867 1972 1958 2006 possit
1978 1971 2068 1998 libere

1124 2007 1276 2034 variare1*.

1537 2050 1610 2070 CAP.
1625 2050 1666 2069 [Π.

1124 2086 1149 2105 Si
1168 2087 1230 2105 actor
1250 2086 1328 2105 contra
1352 2090 1415 2104 reum
1433 2090 1500 2109 super
1522 2084 1623 2109 pluribus
1646 2083 1804 2108 personalibus
1822 2083 1899 2103 literas
1918 2084 2023 2108 impetrat
2040 2085 2068 2103 ad

1124 2112 1232 2135 diversos,
1243 2117 1289 2130 non
1299 2111 1376 2130 valent
1385 2111 1472 2135 literae,
1488 2116 1530 2130 nec
1540 2116 1658 2134 processus
1668 2115 1753 2132 earum.
1764 2111 1786 2129 et
1797 2115 1835 2128 reo
1846 2110 2034 2129 condemnabitur
2044 2111 2068 2129 iu

1124 2138 1236 2162 expensis.
1264 2138 1292 2156 Et
1303 2137 1362 2156 idem
1374 2137 1397 2156 in
1408 2142 1454 2161 reo,
1470 2137 1621 2156 conveniente
1635 2136 1671 2155 vel
1686 2136 1862 2155 reconveniento
1872 2138 1978 2160 actorem,
1990 2136 2067 2155 eodem

1403 2163 1497 2182 durante
1508 2163 1601 2182 iudicio,
1629 2163 1708 2181 Ioann.
1718 2161 1789 2180 Andr.

1441 2205 1533 2231 Idem
1552 2205 1584 2230 in
1603 2204 1754 2230 eodem-².

1192 2248 1350 2282 Dispendia
1372 2248 1462 2274 litium
1484 2247 1634 2282 aequitatis
1655 2247 1824 2281 compendio
1843 2246 1990 2273 volentesb
2011 2255 2067 2281 qua

1125 2291 1276 2317 possumus
1290 2283 1427 2308 industria
1444 2286 1596 2314 coarctare,
1609 2286 1745 2307 statutum
1763 2282 1851 2307 felicis
1864 2281 2066 2307 recordationis

1125 2317 1255 2351 Gregorii
1272 2318 1366 2351 Papae
1381 2318 1447 2343 IX.C
1465 2317 1694 2352 praedecessoris
1711 2316 1799 2342 nostri
1807 2315 1820 2333 d
1839 2324 1924 2350 super
1941 2317 1994 2341 hoc
2008 2316 2066 2341 edi-

1125 2357 1184 2378 tum
1197 2352 1374 2385 ampliantes,
1388 2352 1576 2384 decernimus,
1590 2355 1629 2383 ut,
1643 2351 1665 2376 si
1682 2351 1743 2384 quis
1758 2355 1855 2376 contra
1869 2350 1953 2376 alium
1972 2351 2066 2384 plures

1125 2386 1291 2420 personales
1308 2395 1423 2412 movere
1444 2386 1565 2412 voluerit
1587 2386 1778 2420 quaestiones,
1802 2393 1858 2410 non
1879 2385 1916 2410 ad
1938 2384 2064 2410 diversos

1126 2421 1243 2453 iudices,
1261 2421 1313 2447 sed
1334 2421 1389 2446 ade
1411 2421 1528 2447 eosdem
1546 2429 1630 2454 super
1647 2420 1778 2446 omnibus
1801 2419 1960 2445 huiusmodi
1979 2427 2063 2452 quae-

1126 2456 1264 2481 stionibus
1286 2455 1381 2481 literas
1403 2455 1515 2481 studeat
1538 2455 1697 2489 impetrare.
1735 2454 1788 2488 Qui
1810 2462 1876 2480 vero
1899 2454 2066 2479 contrarium

1127 2490 1233 2522 fecerit,
1251 2490 1362 2515 omniu
1384 2490 1534 2516 commodo
1557 2494 1651 2516 careat
1672 2489 1824 2520 literarum,
1841 2496 1893 2514 nec
1916 2496 2066 2521 processus

1126 2525 1238 2550 habitus
1251 2524 1344 2550 valeat
1361 2533 1412 2559 per
1424 2524 1550 2556 easdem,
1564 2525 1656 2556 reo²*,
1675 2524 1697 2549 si
1711 2532 1775 2549 eum
1788 2531 1838 2556 per
1851 2522 1927 2556 ipsas
1941 2522 2065 2548 citaverit

1126 2559 1204 2585 ve13*
1234 2559 1407 2593 fatigaverit,
1437 2559 1464 2584 in
1493 2559 1624 2593 expensis
1654 2557 1785 2591 legitimis
1815 2556 2065 2582 comdemnandus.

1126 2595 1202 2620 Reus
1225 2602 1349 2628 quoque,
1371 2594 1394 2619 si
1415 2593 1519 2620 eodem
1540 2593 1659 2619 durante
1680 2592 1783 2617 iudicio
1801 2596 1927 2616 actorem
1944 2591 1998 2616 sibi
2016 2591 2065 2617 ob-

1126 2628 1240 2654 noxium
1253 2628 1407 2661 duxerit4*,
1418 2627 1643 2654 reconventionis
1656 2626 1794 2652 beneficio
1806 2626 1849 2651 vel
1863 2625 2064 2658 conventionis,

1127 2663 1149 2689 si
1164 2667 1261 2689 contra
1273 2671 1339 2690 eum
1357 2663 1451 2690 literas
1469 2663 1621 2697 impetrare
1639 2661 1776 2693 maluerit,
1790 2660 1826 2686 de
1843 2660 1902 2686 iure
1914 2668 1965 2685 suo
1979 2659 2065 2686 debet

1123 2767 1166 2793 Ad
1177 2767 1344 2800 expediendos
1361 2775 1381 2792 ι.
1395 2781 1427 2785 -—
1440 2767 1467 2791 in
1482 2766 1569 2799 comp.
1582 2766 1605 2790 h.
1620 2769 1636 2790 t.
1650 2773 1670 2790 c.
1689 2772 1709 2790 1.
1767 2763 1793 2796 b)
1807 2765 1857 2788 ill.:
1870 2763 1948 2788 deest:
1962 2763 2064 2795 Iabcds.

1192 2803 1261 2835 Cap.
1280 2803 1330 2827 ΙΙΙ.
1370 2801 1394 2834 a)
1408 2811 1429 2826 c.
1443 2803 1465 2827 8.
1482 2801 1509 2826 C.
1523 2800 1605 2833 Luyd.
1622 2806 1693 2831 1245.
1719 2813 1751 2816 ψ
1776 2799 1809 2823 In
1826 2798 1906 2823 Bulla
1920 2797 2009 2824 Innoc.
2023 2798 2066 2823 Ad

1123 2837 1210 2869 expecl.
1226 2845 1248 2869 3.
1271 2851 1304 2854 —-
1325 2837 1351 2861 in
1370 2838 1458 2868 Comp.
1477 2836 1502 2860 in
1522 2835 1574 2867 fine
1594 2834 1666 2858 huius
1688 2833 1722 2858 tit.
1828 2832 1854 2865 b)
1872 2833 2013 2857 voluntate:
2034 2833 2064 2857 Ic

1123 2871 1147 2904 c)
1162 2872 1246 2896 Innoc.
1264 2873 1291 2896 P.
1310 2871 1429 2897 111.:Ioe.·
1446 2885 1478 2888 ε
1496 2873 1532 2894 es!
1546 2873 1631 2893 tamen
1649 2867 1780 2892 retinenda
1798 2867 1912 2899 vulyaris
1929 2867 2010 2898 lectio,
2028 2866 2064 2898 cf.

1125 2914 1145 2931 c.
1159 2906 1203 2930 ult.
1218 2905 1248 2931 X.
1262 2906 1293 2930 de
1306 2914 1383 2930 rescr.
1400 2905 1434 2937 (1,
1449 2904 1484 2936 3.)
1497 2908 1520 2928 cl
1533 2904 1626 2928 Inamz.
1641 2902 1735 2927 Andre.
1750 2902 1785 2926 (ul
1796 2902 1819 2926 Ιι.
1833 2902 1849 2926 l.
1936 2900 1963 2934 (l)
1976 2902 2062 2934 praed.

1383 2938 1406 2972 e)
1420 2940 1465 2963 ad:
1480 2938 1561 2963 deest.-
1574 2937 1662 2962 Iabcd.

1335 3050 1354 3073 1)
1374 3051 1486 3070 omnium:
1509 3048 1612 3068 ,immed
1703 3048 1724 3071 2)
1739 3048 1794 3067 alias
1809 3053 1860 3067 roo:
1881 3046 2066 3069 ABDEFolabcd:

1177 3052 1239 3076 cap.
1254 3052 1293 3071 ΠΙ.
1439 3076 1509 3100 Ἡρη,
1526 3075 1574 3095 vel:
1594 3074 1662 3095 aasz:
1681 3073 1861 3094 ABCDEJv'labcdo
1939 3073 1960 3099 4)
1971 3073 2065 3095 dixerim

1125 3077 1182 3096 alias
1191 3083 1244 3097 vero
1256 3083 1306 3097 reo:
1326 3077 1363 3102 Cls

1125 3103 1186 3124 Godd.
1197 3103 1244 3124 coll.
1255 3103 1301 3124 Ibd.
