2243 3288
145 242 211 270 1307

147 321 238 346 veniat
257 319 407 343 notionem.
444 316 514 341 Nulli
534 324 600 347 ergo
620 315 732 340 omnino
750 314 893 340 hominum
912 314 994 339 liceat
1006 314 1078 340 hanc

149 355 276 388 paginam
288 358 444 376 nostrorum
456 350 561 377 statuti,
573 349 754 374 ordinationis
765 353 791 374 et
803 348 906 374 decreti
919 347 1078 381 infringere,

148 382 191 413 vel
204 388 227 412 ci
241 394 307 411 ausu
323 384 469 410 temerario
483 384 628 408 contraire.
649 383 676 408 Si
691 382 752 416 quis
766 388 860 408 autem
874 383 927 407 hoc
941 386 1078 408 attentare

148 420 371 455 praesumpserit.
386 418 604 450 indignationem
615 417 816 450 omnipotentis
826 417 879 442 Dei
891 422 918 442 et
931 416 1078 442 beatorum

154 455 220 480 l'ctri
246 460 272 479 et
298 453 371 477 l'auli
396 452 596 486 Apostolorum
625 452 685 477 eius
710 459 740 477 se
765 451 872 476 noverit
897 451 1079 476 incursurum.

149 491 249 514 itit-,ini
272 488 377 512 Romae
399 486 474 520 apud
497 491 622 511 sanctum
646 487 768 517 Petrum,
789 493 861 510 anno
884 485 1080 510 incarnationis

148 523 301 547 dominicae
319 521 565 546 MCCCCLXVlll.
584 520 680 554 quinto
703 521 775 545 Non.
794 520 874 545 Mart.
892 520 971 545 Pont.
993 519 1079 545 nostri

147 559 196 582 Ao
211 557 244 581 Y.

550 608 567 625 C
574 607 592 625 A
599 607 624 625 P.
639 607 677 625 lv.

147 643 210 661 Bulla
225 642 399 660 confirmationis
410 640 467 659 ⁴anni
483 641 581 661 iubilaei.
597 641 711 664 publicata
724 640 782 664 apud
793 643 894 659 sant-tnui
906 640 995 659 Petrum
1011 641 1034 658 in
1045 640 1082 659 ilie

147 668 273 687 Natis-itatis
284 668 383 687 Domini.
399 668 421 685 in
437 672 479 690 qna
489 668 622 689 continetur,
639 667 697 690 quod
709 672 779 685 :mnus
790 667 900 684 iubilneus
911 669 943 684 est
954 666 981 684 ad
993 666 1081 685 brevius

147 697 231 716 twmpus
247 693 357 714 reductus.
373 699 437 716 quani
453 693 506 711 olim
523 696 587 713 essct.
603 694 707 716 quoniam
718 692 826 715 vigesimo
837 692 914 715 quintu
924 697 1012 715 quoquo
1022 697 1081 710 nuno

147 719 233 737 cunctis
245 719 352 740 tidcllbus.
369 719 473 737 basilicas
484 719 544 737 urbis
556 719 670 737 Romanae
681 718 716 736 tuo
728 722 843 741 expressa<
854 717 1005 740 visitantibus,
1021 717 1081 736 illius

147 745 300 768 indulgentiae
319 744 478 763 conceduntur.
516 745 543 763 Et
566 744 604 762 illo
628 744 722 763 durante
747 744 804 762 :illue
827 743 980 767 indulgentiae
1000 743 1081 767 ubique

565 772 660 788 cns-snut.

522 820 636 846 Sixtus
655 820 701 845 lv,

214 863 458 896 Quemadmodum
466 863 577 897 operosi
589 863 738 896 vigilisque
748 862 868 896 pastoris
879 862 1003 888 sollertia
1013 870 1080 887 oves

146 905 213 923 suae
227 897 371 923 custodiae
385 898 533 931 deputatas
545 902 621 923 curat
634 906 651 922 a
664 897 784 923 ferarum
798 904 979 930 praeservare
993 897 1080 921 incur-

146 933 232 963 sibus,
243 937 270 957 et
283 932 318 957 ad
333 937 435 957 statum
449 940 614 966 prosperum
629 931 705 957 foetu
716 931 899 964 multiplicato
913 930 1080 964 perducere:

146 968 184 992 ita
198 975 310 1000 quoque
324 972 351 992 et
364 975 425 997 nos,
441 966 541 1000 quibus
555 966 739 1000 dispositione
753 973 873 999 superna
886 965 1006 990 universi
1020 973 1080 998 gre-

146 1002 188 1033 gis
200 1000 330 1026 dominici
344 1001 498 1026 sollicitudo
513 1001 661 1026 commissa
675 1004 726 1031 est,
745 1004 773 1025 et
787 999 924 1033 supremis
939 999 1081 1024 desidera—

146 1043 207 1061 mus
221 1035 379 1066 affectibus,
397 1040 423 1061 ct
437 1035 535 1060 studiis
549 1035 660 1060 nitimur
673 1033 832 1065 indefessis,
850 1038 964 1059 cunctos
979 1033 1080 1059 Christi

144 1069 252 1101 fideles,
266 1077 335 1102 quos
349 1078 366 1095 a
379 1069 499 1095 iustitiae
513 1069 613 1095 semita
628 1069 717 1094 hostis
731 1068 844 1094 humani
858 1067 969 1100 generis
984 1067 1081 1093 diabo-

145 1104 198 1129 lica
215 1103 313 1129 fraude
330 1104 439 1134 avertit,
458 1104 586 1137 deposita
604 1108 783 1136 peccatorum
801 1103 907 1127 sarcina
921 1110 972 1127 suo
986 1110 1081 1128 recon-

145 1139 237 1164 ciliare
253 1138 367 1169 auctori,
381 1143 410 1163 ut
422 1143 553 1163 aeternae
567 1137 708 1163 felicitatis
722 1137 852 1171 praemiis
864 1137 951 1162 nostri
962 1136 1082 1162 Redem-

145 1173 232 1206 ptoris
246 1172 442 1198 inaestimabili
456 1172 570 1198 caritate
584 1172 677 1197 media
691 1171 842 1205 potiantur,
853 1171 956 1204 fiatque
970 1175 1082 1196 nostrae

145 1206 315 1240 operationis
329 1207 492 1238 ministerio,
511 1207 630 1232 utilitate
647 1206 758 1240 publica
772 1205 918 1237 suadente,
936 1205 1020 1231 etiam
1033 1213 1083 1239 per

146 1241 295 1274 gratiarum
309 1241 528 1274 susceptionem,
540 1240 615 1274 quod
626 1249 723 1266 eorum
738 1240 817 1265 saluti
829 1240 985 1272 conveniat,
998 1244 1082 1273 atque

146 1280 241 1301 nostra
259 1280 286 1300 et
304 1275 555 1309 praedecessorum
573 1280 731 1300 nostrorum
749 1274 938 1300 ordinationes
958 1274 1082 1299 salubres

146 1310 248 1335 debitis
262 1309 407 1335 effectibus
421 1310 623 1343 mancipentur.
650 1309 723 1335 Olim
737 1309 875 1342 siquidem
890 1308 978 1334 felicis
992 1316 1082 1334 recor-

146 1344 265 1369 dationis
284 1344 384 1368 Paulus
399 1344 474 1377 Papa
487 1345 518 1369 ΙΙ.
533 1343 737 1377 praedecessor
749 1348 855 1374 noster,
869 1342 1082 1368 rationabilibus

146 1379 237 1404 causis
251 1383 316 1403 tunc
330 1378 470 1412 expressis
488 1378 626 1410 inductus,
645 1378 681 1403 de
693 1377 894 1404 venerabilium
907 1377 1022 1403 fratrum
1034 1385 1083 1402 no-

145 1418 274 1444 strorum,
297 1417 361 1437 tunc
384 1421 506 1444 suorum,
529 1412 575 1445 (de
594 1421 713 1445 quorum
730 1420 846 1438 numero
870 1416 934 1437 tunc
951 1412 1082 1444 eramus)

146 1447 272 1478 consilio,
289 1455 392 1472 annum
411 1447 561 1472 iubilaeum
579 1447 615 1472 ad
632 1447 744 1472 brevius
761 1450 871 1480 tempus
889 1446 1007 1480 provida
1023 1454 1082 1471 mo-

145 1481 290 1507 deratione
301 1481 532 1513 reducens,illum
542 1481 578 1506 ad
589 1489 691 1506 annum
701 1481 867 1513 vigesimum
878 1481 1005 1514 quintum
1015 1488 1082 1514 apo-

146 1516 246 1541 stolica
258 1515 423 1541 auctoritate
437 1515 586 1547 restrinxit,
603 1524 635 1540 ac
648 1515 744 1547 voluit,
762 1515 858 1540 statuit
871 1519 899 1540 et
912 1514 1036 1540 decrexa't
1049 1523 1083 1540 ex

146 1550 237 1575 causis
254 1549 414 1583 praedictis,
433 1550 509 1583 quod
526 1550 642 1582 singulis
659 1549 756 1581 viginti
775 1549 898 1583 quinque
916 1549 996 1574 annis
1013 1548 1082 1575 iubi-

145 1585 223 1610 laeus
246 1592 334 1609 annus
360 1584 520 1617 praedictus
542 1582 677 1610 celebrari
700 1583 826 1615 deberet,
852 1583 985 1617 quodque
1010 1591 1082 1609 anno

145 1618 257 1644 Domini
280 1618 506 1644 MCCCLXXIV.
529 1618 653 1652 proxime
675 1618 778 1650 futuro,
799 1617 930 1643 videlicet
952 1626 968 1643 a
989 1617 1083 1651 vigilia

145 1653 304 1678 Nativitatis
319 1653 431 1678 Domini
450 1653 536 1677 nostri
551 1653 612 1678 Iesu
627 1653 738 1685 Christi,
757 1652 831 1678 idern
845 1660 933 1677 annus
947 1651 1083 1677 iubilaeus

147 1687 292 1720 inciperet,
314 1692 350 1718 et,
373 1691 401 1712 ut
424 1687 558 1720 sequitur,
581 1687 713 1719 finiretur,
735 1695 767 1712 ac
789 1686 908 1712 universi
931 1691 959 1712 et
982 1686 1083 1719 singuli

147 1722 291 1754 utriusque
310 1729 392 1746 sexus
405 1720 512 1753 fideles,
531 1721 577 1755 qui
596 1721 743 1747 beatorum
755 1721 956 1754 Apostolorum
969 1721 1043 1746 Petri
1056 1725 1084 1746 et

147 1755 223 1781 Pauli
249 1755 388 1787 basilicas,
412 1755 630 1781 Lateranensem
656 1763 768 1789 quoque
791 1760 819 1780 et
844 1759 956 1780 sanctae
978 1755 1083 1781 Mariae

146 1789 259 1815 maioris
273 1789 363 1815 almae
378 1790 462 1815 Urbis
481 1790 614 1815 ecclesias
632 1790 742 1815 statutis
761 1789 860 1815 diebus
875 1789 977 1815 devote
990 1789 1083 1814 visita-

146 1829 216 1856 rent,
230 1831 328 1850 omnes
337 1829 364 1849 et
378 1824 502 1857 singulas
514 1824 702 1857 indulgentias
713 1828 741 1849 et
753 1828 933 1856 peccatorum
943 1823 1083 1849 remissio—

147 1867 196 1884 nes
208 1862 454 1891 consequerentur,
467 1866 536 1891 quas
548 1858 621 1883 idem
632 1857 759 1884 Pontifex
771 1858 869 1890 suique
884 1857 1083 1891 praedecesso-

147 1901 190 1918 res
204 1901 276 1918 anno
291 1892 410 1918 iubilaeo
420 1892 578 1917 huiusmodi
593 1892 723 1917 basilicas
737 1896 765 1918 et
779 1891 911 1917 ecclesias
926 1892 1083 1925 praedictas

148 1927 323 1952 visitantibus
347 1926 449 1952 devote
472 1931 678 1958 concesserant,
702 1935 753 1960 per
775 1925 911 1959 quasdam
934 1926 1033 1959 primo,
1056 1930 1083 1951 et

148 1961 251 1986 deinde
264 1969 325 1992 nos,
345 1960 401 1994 qui,
420 1960 493 1985 dicto
507 1961 736 1994 praedecessore,
751 1960 821 1985 sicut
834 1960 956 1985 Domino
971 1960 1083 1994 placuit,

148 1995 258 2020 sublato
277 1995 312 2020 de
330 1994 433 2026 medi0,
457 1994 558 2020 fuimus
581 1995 673 2020 divina
695 1995 862 2028 disponente
881 1994 1028 2020 clementia
1047 1995 1083 2019 ad

147 2030 256 2063 apicem
278 2029 377 2054 summi
395 2029 569 2062 apostolatus
591 2029 736 2062 assumpti,
759 2034 785 2054 et
804 2037 854 2062 per
871 2029 955 2054 alias1
973 2033 1083 2054 nostras

146 2065 241 2089 literas
255 2063 382 2089 eiusdem
396 2063 470 2088 Pauli
489 2063 716 2096 praedecessoris
731 2063 944 2095 ordinationem,
958 2063 1083 2088 volunta-

147 2104 203 2124 tern
221 2103 249 2123 et
267 2102 411 2129 statutum,
429 2106 462 2123 ac
475 2098 568 2123 omnia
581 2102 608 2123 et
627 2098 737 2129 singula
754 2097 781 2122 in
799 2097 907 2123 eisdem
922 2097 978 2123 suis
996 2097 1083 2123 literis

148 2137 277 2157 contenta
288 2132 323 2158 de
334 2132 449 2157 fratrum
461 2132 614 2157 eorundem
625 2130 741 2157 consilio
751 2131 1084 2165 approbantes,similiter

148 2167 294 2192 statuimus
312 2171 340 2192 et
363 2166 533 2198 ordinamus,
555 2166 631 2200 quod
653 2175 742 2192 annus
764 2166 900 2191 iubilaeus
923 2166 1083 2200 praedictus

147 2209 211 2227 cum
228 2200 335 2226 eisdem
354 2200 534 2232 indulgentiis
554 2206 581 2226 et
600 2201 812 2226 remissionibus
835 2200 966 2234 plenariis
985 2208 1083 2234 pecca-

148 2240 239 2260 torum
253 2243 325 2260 anno
344 2235 468 2268 proxime
485 2234 577 2260 futuro
591 2244 607 2260 a
620 2235 714 2267 vigilia
728 2235 885 2260 Nativitatis
903 2234 1030 2260 eiusdem
1044 2235 1083 2260 in-

147 2270 251 2303 cipere,
265 2274 302 2300 et,
320 2274 349 2293 ut
363 2269 497 2302 sequitur,
515 2269 667 2294 continuari
683 2269 809 2301 deberet,
830 2273 912 2302 prout
926 2269 953 2294 in
967 2269 1083 2302 singulis

148 2304 234 2330 literis
248 2302 406 2336 praedictis,
421 2303 548 2336 (quarum
563 2308 674 2329 tenores
688 2304 882 2337 praesentibus
896 2303 993 2329 haberi
1006 2303 1083 2328 volu-

148 2346 210 2363 mus
228 2346 278 2371 pro
297 2337 456 2371 expressis‚)
476 2337 584 2370 plenius
604 2338 769 2363 continetur.
807 2338 911 2363 Verum
925 2338 989 2371 quia
1006 2342 1082 2371 post-

148 2372 263 2398 modum
287 2376 342 2396 tam
365 2379 425 2403 nos,
449 2380 531 2405 quam
550 2371 623 2397 idem
643 2372 741 2397 Paulus
759 2371 963 2406 praedecessor
979 2376 1083 2404 noster,

149 2407 215 2432 dum
233 2406 260 2431 in
277 2405 405 2431 humanis
427 2410 533 2438 ageret,
555 2406 708 2431 animarum
727 2407 807 2432 saluti
830 2406 953 2432 fidelium
976 2406 1084 2438 intenti,

149 2441 300 2466 multorum
318 2440 474 2473 principum
488 2445 515 2465 et
533 2439 649 2465 aliorum
663 2440 763 2466 Christi
783 2440 905 2466 fidelium
923 2448 956 2465 ac
969 2440 1083 2466 devota-

147 2484 208 2501 rum
226 2482 407 2508 personarum
426 2474 527 2507 pulsati
546 2475 684 2508 precibus,
709 2475 833 2500 diversas
851 2474 1039 2508 indulgentias
1057 2479 1084 2500 et

149 2514 327 2543 peccatorum
341 2509 520 2534 remissiones
535 2509 673 2542 plenarias
687 2509 826 2534 nonnullis
840 2509 974 2541 ecclesiis,
987 2517 1083 2534 mona—

149 2544 240 2569 steriis
266 2548 293 2568 et
319 2543 371 2576 piis
396 2542 463 2568 locis
488 2543 617 2568 duximus
642 2543 847 2575 concedendas,
873 2548 988 2577 propter
1014 2551 1083 2577 quas

148 2578 315 2611 populorum
337 2577 431 2602 forsan
449 2585 600 2602 concursus
618 2577 652 2602 ad
671 2577 800 2603 basilicas
822 2582 850 2603 et
868 2578 1001 2603 ecclesias
1019 2582 1083 2603 ante

150 2612 238 2637 dictas
251 2611 395 2643 retardari,
413 2615 460 2636 aut
475 2611 561 2645 ipsius
575 2612 638 2636 anni
653 2611 765 2637 iubilaei
781 2612 927 2638 celebritas
941 2612 1025 2637 minui
1039 2612 1083 2638 vel

149 2646 292 2671 intermitti
314 2650 411 2679 posset
433 2654 495 2671 cum
517 2646 669 2671 animarum
691 2653 747 2671 non
768 2646 878 2671 modico
902 2646 1083 2672 detrimento:

149 2689 209 2712 nos,
228 2680 274 2713 qui
293 2680 487 2705 universorum
505 2680 679 2706 credentium
697 2679 871 2713 profectibus
885 2685 912 2705 et
926 2680 1006 2705 saluti
1021 2689 1083 2715 pro-

151 2715 258 2748 spicere
283 2722 316 2740 ex
342 2714 437 2739 debito
463 2714 607 2740 ministerii
633 2714 780 2748 pastoralis
805 2714 1012 2747 adstringimur,
1039 2715 1084 2747 (ne

151 2754 266 2782 propter
275 2749 389 2773 aliarum
401 2748 635 2780 indulgentiarum
646 2749 780 2774 hactenus
791 2757 807 2773 a
818 2748 907 2780 nobis,
922 2756 970 2774 seu
982 2749 1083 2775 eodem

150 2784 234 2808 l’aulo
248 2783 291 2808 vel
305 2783 365 2807 aliis
378 2782 643 2816 praedecessoribus
657 2783 759 2808 nostris
773 2791 978 2815 concessarum,
991 2783 1083 2808 liuius-

150 2817 225 2841 modi
239 2815 404 2842 effusionem
418 2817 472 2842 hoc
487 2821 611 2842 sanctum
625 2825 696 2851 opus
709 2825 741 2842 ac
754 2817 925 2842 remissionis
939 2821 966 2842 et
979 2817 1084 2849 gratiae

152 2859 238 2875 annus
252 2850 387 2876 iubilaeus
401 2851 605 2883 intermittatur,
619 2856 667 2877 aut
679 2851 778 2877 fideles
793 2851 845 2885 ipsi
857 2859 873 2876 a
883 2855 960 2876 tanto
970 2859 1085 2877 munere

152 2884 303 2910 reddantur
313 2886 461 2918 expertes,‘)
474 2885 605 2911 remediis
616 2886 779 2919 opportunis
793 2885 941 2920 providere
951 2885 1086 2917 volentes,

155 2926 250 2943 omnes
273 2924 300 2944 et
323 2919 445 2951 singulas
467 2919 616 2953 plenarias,
638 2920 721 2946 etiam
743 2920 778 2945 ad
802 2921 888 2945 instar
910 2919 1032 2951 iubilaei,
1053 2928 1085 2945 ac

155 2952 237 2989 etiarn
255 2953 441 2978 commutandi
465 2958 538 2985 vota,
560 2959 607 2979 aut
624 2962 708 2988 super
726 2955 767 2980 eis
790 2958 818 2980 et
838 2954 912 2979 male
929 2953 1029 2979 ablatis
1047 2953 1086 2979 in-

156 2991 246 3017 certis,
260 2991 306 3011 aut
319 2995 369 3020 per
382 2988 534 3013 usurariam
549 2988 715 3022 pravitatem
728 2989 773 3014 vel
790 2988 874 3014 alium
888 2988 1015 3014 illicitum
1027 2996 1086 3013 rno—

204 3061 256 3080 Tit.
270 3062 308 3082 IX.
336 3063 396 3087 Cap.
410 3064 448 3083 IV.
476 3064 495 3088 l)
505 3065 546 3084 aL:
561 3064 629 3084 deest:
643 3065 680 3084 191.
690 3065 749 3085 Rom.

474 239 687 265 [XTRAVAG.
709 237 881 264 COMMUN.
901 236 965 262 Llss.
984 236 1018 262 V.
1037 236 1106 263 TIT.
1125 236 1173 263 IX.
1190 237 1242 263 DE
1260 235 1514 264 POENITENTIIS
1533 241 1585 264 etc.
1605 245 1627 264 c.
1648 245 1672 269 4.
1691 244 1715 270 5.

1979 234 2046 265 1308

1114 314 1180 340 dum
1194 314 1318 345 extortis,
1332 313 1514 347 dispensandi
1528 317 1555 339 et
1569 313 1764 346 componendi,
1777 317 1824 339 aut
1838 312 1884 338 illa
1897 312 1948 338 sub
1963 311 2045 337 certis

1114 349 1198 374 modo
1217 354 1244 374 et
1267 349 1355 374 forma
1377 347 1547 379 remittendi,
1569 351 1596 373 et
1614 347 1766 381 deputandi
1789 347 1965 373 confessores
1983 354 2046 371 cum

1114 388 1255 417 potestate
1272 381 1446 414 absolvendi,
1464 382 1548 408 etiam
1566 381 1593 406 in
1611 381 1721 407 casibus
1739 381 1799 408 sedi
1817 381 1988 415 apostolicae
2005 388 2047 405 re-

1115 418 1241 449 servatis,
1255 417 1411 447 facultates,
1425 415 1620 441 concessiones
1634 419 1661 440 et
1675 415 1781 442 indulta
1790 424 1806 442 a
1816 416 1897 441 nobis
1908 420 1935 440 et
1946 413 2047 440 eadem

1115 451 1192 483 sede,
1216 452 1260 478 vel
1280 452 1350 476 illius
1373 450 1538 476 auctoritate
1561 449 1774 483 quibuscunque
1796 449 1930 481 ecclesiis,
1952 456 2047 474 mona-

1116 486 1216 518 steriis,
1230 485 1415 519 hospitalibus
1428 490 1454 510 et
1468 485 1521 518 piis
1532 483 1608 515 locis,
1623 483 1856 512 universitatibus,
1870 482 2047 509 fraternitati-

1116 519 1167 545 bus
1181 520 1361 553 quibuslibet,
1375 524 1431 544 tam
1445 519 1470 544 in
1485 523 1649 557 perpetuum
1664 526 1746 551 quani
1759 517 1795 543 ad
1809 522 1912 544 certum
1927 522 2047 550 tempus,

1117 553 1144 578 in
1157 554 1213 580 vita
1226 563 1275 580 seu
1290 555 1316 579 in
1329 553 1427 579 mortis
1440 552 1566 584 articulo,
1580 551 1678 585 quovis
1692 551 1776 577 modo
1794 556 1841 577 aut
1854 552 1950 585 quavis
1965 559 2049 577 causa

1118 588 1329 621 quomodolibet
1342 595 1490 613 concessas
1504 592 1531 613 et
1545 594 1688 618 concessa,
1701 590 1729 611 et
1739 586 1766 610 in
1779 591 1921 620 posterum
1933 585 2048 611 forsitan

1117 622 1312 648 concedendas
1330 623 1373 648 vel
1392 620 1582 652 concedenda,
1601 620 1764 645 auctoritate
1782 620 1935 653 apostolica
1952 624 2048 646 tenore

1117 657 1307 690 praesentium
1321 657 1355 682 de
1369 656 1542 690 apostolicae
1561 654 1706 688 potestatis
1724 653 1896 688 plenitudine
1909 662 1998 688 usque
2012 653 2048 679 ad

1117 696 1243 716 nostrum
1257 696 1284 717 et
1297 691 1423 716 eiusdem
1438 690 1513 715 sedis
1527 689 1734 723 beneplacitum
1752 687 1960 722 suspendimus,
1977 688 2049 713 illas-

1118 733 1172 758 que
1183 725 1300 751 durante
1310 725 1486 758 beneplacito
1497 728 1593 749 nostro
1605 728 1632 749 et
1643 722 1719 748 sedis
1730 722 1888 756 praedictae
1900 730 2050 756 suspensas

1117 767 1180 785 esse
1204 759 1344 792 volumus,
1370 767 1421 785 nec
1446 759 1554 784 interim
1579 757 1658 783 alicui
1684 756 1841 789 suffragari,
1871 756 2048 790 indulgentiis

1117 798 1210 819 tamen
1221 793 1396 819 basilicarum
1407 798 1435 819 et
1446 793 1624 819 ecclesiarum
1636 791 1726 817 dictae
1733 791 1818 817 Urbis
1828 791 1855 816 in
1865 799 1915 816 suo
1925 790 2049 824 plenario

1117 828 1218 853 robore
1231 828 1403 859 durantibus,
1422 827 1573 853 districtius
1587 826 1754 857 inhibentes,
1771 825 1840 850 alias
1853 825 2050 858 indulgentias,

1117 866 1228 896 praeter
1238 862 1306 887 istas
1317 861 1459 893 duntaxat,
1472 861 1499 887 in
1508 861 1576 887 locis
1588 860 1706 894 publicis
1716 860 1761 885 vel
1771 859 1885 893 privatis
1896 859 2050 893 praedicari

1117 900 1164 921 aut
1188 896 1321 928 nunciari,
1345 903 1497 929 earumque
1522 899 1666 929 praetextu
1687 903 1704 920 a
1727 893 1922 928 quaestoribus
1947 893 2051 927 aliquid

1117 930 1190 963 exigi
1204 938 1318 964 quoquo
1332 929 1426 955 modo.
1445 930 1612 963 Quinimmo
1625 933 1789 963 quaestores
1803 932 1831 954 et
1844 927 2051 962 praedicatores

1119 972 1302 998 quoscunque
1323 972 1374 998 per
1395 963 1518 989 locorum
1542 963 1696 989 ordinarios
1714 971 1731 988 a
1748 962 2002 996 praedicationibus
2024 966 2052 988 et

1119 999 1282 1033 quaestibus
1294 998 1453 1023 huiusmodi
1466 998 1609 1030 faciendis,
1622 998 1749 1023 volumus
1760 1001 1787 1022 et
1797 997 1962 1022 mandamus
1973 1004 2051 1030 prae-

1117 1033 1237 1059 sentium
1250 1033 1416 1058 auctoritate
1429 1032 1516 1058 arceri
1530 1032 1582 1057 sub
1595 1032 1719 1058 censuris
1732 1036 1760 1058 et
1773 1031 1872 1065 poenis
1885 1031 2052 1056 ecclesiasti-

1118 1068 1167 1099 cis,
1181 1067 1216 1094 de
1230 1067 1331 1101 quibus
1344 1067 1433 1092 visum
1447 1065 1530 1092 fuerit
1543 1071 1740 1100 opportunum.
1770 1065 1843 1091 Nulli
1857 1073 1924 1098 ergo
1938 1065 2052 1091 omnino

1118 1102 1261 1128 hominum
1279 1101 1361 1127 liceat
1378 1101 1449 1126 lianc
1466 1100 1598 1134 paginam
1615 1105 1773 1126 nostrorum
1790 1099 1991 1133 suspensionis,
2013 1099 2053 1125 in-

1117 1136 1271 1168 hibitionis,
1283 1135 1406 1161 mandati
1418 1139 1445 1161 et
1458 1135 1609 1160 voluntatis
1623 1134 1782 1168 infringere,
1795 1134 1839 1160 vel
1851 1134 1875 1160 ei
1887 1142 1955 1160 ausu
1965 1138 2052 1160 teme-

1118 1171 1190 1196 rario
1204 1170 1351 1196 contraire.
1382 1169 1410 1195 Si
1425 1169 1487 1203 quis
1500 1173 1594 1194 autem
1607 1169 1661 1194 hoc
1673 1172 1811 1194 attentare
1824 1168 2053 1202 praesumpserit,

1118 1205 1339 1238 indignationem
1358 1203 1559 1237 omnipotentis
1573 1203 1626 1228 Dei
1640 1211 1672 1228 ac
1689 1203 1836 1228 beatorum
1849 1202 1921 1228 Petri
1936 1207 1963 1228 et
1977 1202 2052 1228 Pauli

1118 1239 1320 1273 Apostolorum
1341 1238 1400 1264 eius
1424 1246 1454 1264 se
1476 1237 1583 1263 noverit
1604 1237 1786 1262 incursurum.
1826 1237 1930 1262 Datum
1947 1236 2052 1263 Tibure

1118 1282 1190 1300 anno
1214 1273 1410 1299 incarnationis
1433 1271 1590 1297 dominicae
1607 1271 1857 1298 MCCCCLXXIII.
1874 1271 1920 1297 IV.
1933 1270 2052 1298 Kalend.

1119 1308 1277 1342 Septembr.
1291 1308 1370 1333 Pont.
1384 1307 1471 1332 nostri
1485 1307 1536 1332 Ao.
1550 1307 1593 1332 ΙΙΙ.

1531 1393 1602 1413 CAP.
1617 1393 1644 1413 V.

1118 1429 1194 1449 Sixtus
1207 1431 1308 1453 tempore
1321 1433 1360 1448 suo
1371 1428 1447 1447 multis
1462 1427 1543 1458 multas
1553 1428 1699 1472 lepneesserztt
1712 1426 1870 1451 indulgentias,
1885 1431 1940 1452 quas
1950 1426 2016 1446 certis
2027 1431 2054 1447 ex

1471 1459 1543 1473 CRUSlS
1569 1459 1589 1472 10
1600 1459 1680 1472 revoca
1692 1467 1697 1472 .

1536 1504 1637 1530 Idem.

1186 1547 1246 1574 Etsi
1264 1547 1394 1573 dominici
1413 1548 1507 1581 gregis
1525 1547 1606 1573 saluti
1621 1554 1733 1581 semper
1749 1546 1847 1572 intenti
1861 1546 1977 1579 singulis
1991 1554 2054 1573 cum

1119 1583 1274 1608 humilitate
1287 1582 1467 1616 poscentibus
1478 1590 1512 1607 ea
1524 1581 1646 1615 benigne
1657 1581 1812 1607 concedere
1822 1580 1993 1613 studeamus,
2003 1589 2055 1615 per

1120 1625 1193 1651 quae
1215 1617 1405 1650 (peccatorum
1427 1616 1501 1642 mole
1523 1616 1662 1650 deposita)
1685 1616 1759 1641 salus
1780 1615 1842 1649 ipsa
1863 1615 2005 1648 succedat,
2026 1619 2055 1641 et

1119 1651 1207 1677 hostis
1220 1651 1333 1676 humani
1347 1651 1458 1684 generis
1469 1650 1601 1676 servitute
1612 1654 1723 1684 ereptas
1734 1649 1839 1675 animas
1849 1649 2053 1676 lucrifaciamus

1118 1685 1274 1718 Altissimo,
1293 1685 1339 1719 qui
1357 1685 1438 1711 nobis
1458 1693 1504 1711 eas
1524 1693 1573 1710 sua
1589 1684 1716 1710 bonitate
1734 1683 1885 1710 commisit:
1910 1683 1938 1709 id
1959 1688 2053 1710 tamen

1119 1719 1294 1754 propensiori
1307 1719 1401 1745 studio
1412 1719 1635 1753 praecavendum
1647 1727 1710 1745 esse
1721 1726 1877 1750 censemus,
1887 1726 1922 1744 ne
1933 1718 2053 1744 cuiusvis

1119 1754 1318 1788 indulgentiae,
1330 1753 1502 1780 remissionis
1513 1753 1557 1779 vel
1567 1753 1707 1779 facultatis
1719 1753 1835 1778 obtentu
1843 1752 1944 1778 Christi
1954 1753 2053 1779 fideles

1119 1788 1299 1822 procliviores
1317 1788 1353 1813 ad
1371 1788 1464 1814 illicita
1481 1788 1507 1813 in
1525 1792 1669 1821 posterum
1688 1787 1888 1813 committenda
1900 1786 2054 1813 reddantur

1119 1827 1166 1848 aut
1179 1822 1297 1848 facilitas
1310 1822 1409 1848 veniae
1423 1822 1462 1848 eis
1477 1822 1611 1855 peccandi
1625 1821 1728 1847 tribuat
1741 1821 1917 1846 incentivum.
1960 1821 2052 1855 Quum

1119 1857 1222 1890 itaque,
1231 1856 1312 1889 (sicut
1321 1857 1471 1882 multorum
1482 1856 1536 1881 fide
1544 1855 1691 1889 dignorum
1703 1854 1862 1881 testimonio
1873 1856 2052 1889 accepimus,)

1120 1891 1156 1916 ob
1175 1890 1381 1916 multitudinem
1400 1890 1559 1916 facultatum
1578 1898 1628 1924 per
1644 1898 1696 1915 nos
1717 1890 1762 1915 vel
1779 1889 1942 1915 auctoritate
1959 1894 2055 1916 nostra

1119 1933 1325 1956 concessarum,
1344 1929 1401 1950 tam
1414 1925 1501 1950 verbo
1516 1933 1599 1958 quam
1617 1924 1644 1950 in
1663 1923 1782 1958 scriptis,
1800 1923 1934 1950 confectis
1952 1924 2053 1950 exinde

1119 1960 1205 1985 literis
1224 1959 1267 1985 vel
1290 1967 1355 1991 non,
1380 1959 1511 1992 praelatis
1536 1963 1563 1984 et
1588 1958 1716 1992 personis
1738 1958 1943 1990 ecclesiasticis,
1968 1960 2053 1984 etiam

1119 1994 1256 2027 religiosis
1270 1998 1297 2019 et
1308 1993 1497 2019 saecularibus
1507 1993 1651 2026 utriusque
1661 2001 1752 2025 sexus,
1765 1992 1904 2026 capitulis,
1917 1992 2052 2026 collegiis,

1120 2028 1313 2060 conventibus,
1323 2028 1518 2061 hospitalibus,
1532 2027 1697 2059 confratriis,
1709 2031 1737 2053 et
1750 2026 1986 2060 universitatibus,
1997 2032 2054 2053 tarn

1119 2063 1146 2088 in
1168 2070 1273 2095 genere
1296 2070 1380 2096 quam
1403 2062 1429 2087 in
1452 2062 1555 2096 specie,
1578 2062 1630 2087 sub
1652 2061 1791 2087 electione
1808 2061 1852 2086 vel
1871 2060 2053 2095 deputatione

1120 2097 1321 2128 confessorum,
1336 2096 1382 2130 qui
1397 2096 1535 2129 eligentes
1550 2095 1676 2128 eosdem,
1689 2095 1734 2122 vel
1746 2103 1797 2130 pro
1811 2095 1989 2128 indulgentiis
2003 2104 2054 2130 per

1119 2140 1170 2157 nos
1184 2131 1326 2157 concessis
1340 2130 1546 2164 consequendis
1560 2130 1596 2156 ad
1608 2130 1741 2156 ecclesias
1752 2134 1780 2156 et
1789 2129 1842 2155 alia
1855 2129 1901 2163 pia
1914 2130 1976 2156 loca
1988 2138 2052 2156 con-

1120 2166 1248 2198 fluentes,
1271 2173 1319 2191 seu
1341 2165 1378 2190 ad
1399 2165 1492 2199 aliqua
1513 2165 1560 2199 pia
1582 2173 1668 2198 opera
1689 2172 1787 2190 manus
1809 2164 1985 2198 porrigentes
2004 2164 2052 2190 ad-

1120 2200 1240 2232 iutrices,
1258 2199 1467 2233 earundemque
1485 2198 1696 2224 confratriarum
1715 2198 1867 2224 confratres
1885 2202 1914 2224 et
1932 2206 2053 2232 sorores,

1119 2243 1151 2260 ac
1161 2234 1187 2259 in
1198 2234 1382 2268 hospitalibus
1393 2233 1543 2267 praedictis
1555 2233 1726 2259 decedentes
1737 2241 1787 2259 seu
1798 2232 1998 2265 deserviente5‚
2004 2237 2053 2259 aut

1119 2269 1160 2294 eis
1174 2268 1219 2302 pie
1233 2268 1338 2302 aliquid
1352 2268 1551 2302 relinquentes,
1569 2267 1613 2293 vel
1627 2267 1720 2301 aliqua
1733 2267 1786 2292 alia
1798 2267 1960 2293 meritorum
1973 2267 2052 2293 mini-

1120 2303 1203 2328 steria
1221 2303 1396 2334 exhibentes,
1418 2307 1446 2328 et
1464 2302 1491 2327 in
1510 2301 1653 2327 ordinibus
1674 2301 1848 2335 profitentes,
1870 2309 1966 2327 eorum
1989 2309 2053 2327 con-

1120 2337 1242 2363 fessione
1263 2337 1410 2370 diligenter
1423 2336 1526 2369 audita,
1540 2336 1567 2361 in
1580 2336 1696 2369 singulis
1710 2336 1794 2362 etiam
1807 2335 1868 2361 sedi
1881 2335 2054 2369 apostolicae

1119 2371 1267 2397 reservatis
1281 2371 1392 2397 casibus
1405 2370 1494 2397 semel
1506 2371 1534 2396 in
1547 2370 1611 2402 vita,
1625 2375 1653 2396 et
1666 2370 1693 2395 in
1706 2370 1767 2396 aliis
1785 2370 1868 2395 toties
1883 2369 2003 2404 quoties,
2020 2378 2053 2396 ac

1119 2406 1146 2431 in
1159 2410 1248 2431 morte
1261 2405 1395 2440 plenarie,
1414 2405 1459 2430 vel
1471 2404 1540 2430 alias
1558 2405 1642 2430 etiam
1659 2404 1696 2430 ad
1713 2404 1844 2430 effectum
1861 2404 2052 2438 consequendi

1120 2448 1303 2474 quascunque
1327 2439 1514 2472 indulgentias
1538 2439 1676 2473 plenarias
1698 2439 1743 2464 vel
1766 2446 1823 2464 non
1844 2438 1983 2472 plenarias
2005 2438 2053 2464 ab·

1120 2475 1239 2507 solvere,
1264 2478 1292 2500 et
1313 2474 1515 2508 poenitentiam
1537 2473 1687 2499 salutarem
1711 2473 1751 2499 eis
1773 2473 1926 2506 iniungere,
1951 2473 2054 2499 emissa

1121 2517 1234 2542 quoque
1255 2513 1321 2534 vota
1342 2516 1392 2542 per
1416 2508 1477 2533 illos
1500 2515 1684 2542 quaecunque
1707 2507 1735 2532 in
1756 2507 1809 2532 alia
1830 2507 1942 2540 pietatis
1967 2515 2054 2541 opera

1120 2547 1291 2568 commutare
1308 2543 1395 2568 libere
1412 2546 1441 2568 et
1462 2542 1535 2567 licite
1551 2542 1670 2574 valeant,
1688 2541 1785 2568 fideles
1803 2541 1922 2575 praefati
1939 2541 1975 2567 ad
1988 2549 2055 2576 pec-

1120 2577 1248 2610 candum,
1262 2582 1290 2603 et
1303 2577 1338 2602 ad
1352 2577 1405 2602 alia
1419 2576 1512 2602 illicita
1529 2575 1760 2602 committendum
1778 2583 1977 2609 nonnunquam
1990 2583 2053 2609 pro-

1120 2611 1248 2638 cliviores
1262 2611 1396 2637 exsistant
1414 2611 1440 2636 in
1458 2618 1514 2636 non
1531 2619 1647 2644 parvum
1665 2610 1818 2644 periculum
1836 2609 1932 2635 salutis
1950 2610 2053 2635 anima-

1120 2654 1178 2671 rum
1193 2654 1318 2672 suarum:
1332 2653 1392 2677 nOS,
1407 2646 1453 2678 qui
1464 2645 1526 2670 Deo
1540 2645 1661 2679 propitio
1675 2644 1802 2670 eiusdem
1814 2644 1908 2677 gregis
1922 2643 2052 2669 dominici

1120 2680 1236 2713 (meritis
1261 2680 1327 2706 licet
1355 2679 1597 2712 insufficientibus)
1622 2687 1735 2704 causam
1758 2678 1895 2712 gerimus,
1924 2682 1952 2704 et
1976 2678 2051 2703 illum

1120 2714 1269 2748 spiritualis
1295 2714 1417 2740 thesauri
1440 2714 1603 2747 elargitione
1626 2713 1752 2747 cupimus
1773 2712 1826 2746 ipsi
1848 2713 1910 2738 Deo
1932 2711 2051 2738 reddere

1120 2748 1333 2782 acceptabilem,
1357 2756 1392 2774 ne
1414 2747 1515 2774 exinde
1537 2747 1655 2773 clavium
1676 2747 1826 2773 auctoritas
1849 2746 2003 2772 deducatur
2022 2745 2050 2770 in

1120 2787 1321 2817 contemptum,
1332 2782 1442 2816 ipsique
1453 2782 1489 2807 ad
1500 2782 1671 2816 peccandum
1682 2781 1861 2816 procliviores
1872 2781 1912 2814 (ut
1923 2778 2049 2811 diximus)

1120 2817 1232 2843 liberius
1254 2817 1448 2850 prolabantur,
1470 2825 1504 2842 ex
1525 2816 1686 2850 praemissis
1709 2820 1738 2842 et
1756 2815 1816 2841 aliis
1841 2812 2049 2840 rationabilibus

1121 2851 1211 2877 causis
1228 2851 1350 2876 animum
1363 2855 1489 2876 nostrum
1506 2850 1692 2882 moventibus,
1708 2854 1786 2876 motu
1804 2849 1925 2882 proprio,
1941 2854 1996 2872 non
2012 2846 2049 2871 ad

1121 2885 1237 2911 alicuius
1249 2885 1330 2911 nobis
1344 2893 1428 2919 super
1438 2885 1491 2910 hoc
1502 2885 1613 2910 oblatae
1624 2884 1765 2918 petitionis
1777 2879 2001 2913 instantiam‚sed
2009 2880 2049 2918 de

1121 2924 1217 2945 nostra
1226 2927 1304 2945 mera
1313 2920 1456 2945 voluntate
1466 2923 1493 2945 et
1504 2919 1714 2951 deliberatione,
1724 2917 1888 2944 auctoritate
1897 2923 1913 2941 a
1934 2914 2051 2940 ostolica

1122 2959 1218 2980 tenore
1232 2953 1419 2988 praesentium
1433 2953 1580 2979 statuimus
1594 2957 1622 2979 et
1635 2952 1802 2984 ordinamus,
1819 2949 1895 2984 quod
1927 2956 1943 2974 e
1956 2952 2049 2986 cetero

1122 2992 1268 3023 praetextu
1286 2987 1449 3014 facultatum
1470 2987 1638 3020 huiusmodi,
1660 2992 1856 3013 concessarum
1871 2991 1888 3009 a
1903 2982 1984 3008 nobis
2005 2982 2051 3009 vel
