2243 3288
120 199 188 228 1305

122 279 277 311 columnae,
299 286 366 312 prae
391 279 491 305 ceteris
513 280 657 314 Apostolis
682 279 814 314 peculiari
836 279 958 313 quadam
980 287 1058 312 prae-

122 313 248 346 rogativa
266 313 292 338 in
311 313 372 346 ipso
391 313 535 340 salvatore
549 314 613 340 fidei
627 315 727 341 virtute
745 314 926 348 praecellunt,
940 321 1058 346 quorum

121 348 178 379 uni,
197 346 301 373 scilicet
318 348 519 381 Apostolorum
538 349 664 382 principi,
683 349 753 374 sicut
774 349 850 374 bono
873 347 1058 380 dispensatori

121 382 214 407 claves
240 381 318 414 regni
343 382 485 408 coelorum
511 383 659 415 commisit,
684 383 773 414 alteri,
798 386 931 415 tanquam
956 381 1057 407 idoneo

121 415 238 447 doctori,
255 415 446 449 magisterium
464 417 671 443 ecclesiasticae
688 417 851 443 eruditionis
874 415 1008 447 iniunxit,)
1032 416 1057 441 in

121 450 235 484 speciali
249 450 429 477 veneratione
442 451 539 477 haberi
554 452 685 484 debeant,
696 456 724 477 et
738 450 834 477 debita
846 450 1058 476 honorificentia

119 484 257 517 venerari,
280 493 331 518 pro
350 485 474 518 ipsorum
491 487 626 512 memoria
644 485 793 512 recolenda
814 484 948 516 crebrius,
967 490 994 510 et
1016 493 1056 510 re-

120 518 247 545 verentia
259 527 276 544 a
289 520 395 545 cunctis
410 520 512 546 Christi
531 521 660 546 fidelibus
678 520 718 546 eis
737 519 865 545 devotius
887 519 1056 551 adhibenda,

119 553 304 587 ipsorumque
322 555 477 587 patrocinio
497 555 675 580 favorabilius
694 553 883 587 assequendo,
901 553 1055 578 inconsum-

119 587 246 621 ptibilem
257 588 419 614 thesaurum
430 589 590 614 huiusmodi
601 597 651 622 pro
661 587 805 614 excitanda
815 592 843 613 et
854 588 1057 613 remuneranda

120 622 270 648 devotione
284 622 408 648 fidelium
421 623 508 648 voluit
521 623 638 657 aperire,
650 622 803 648 decernens
815 621 850 647 de
865 621 980 647 fratrum
994 630 1055 647 suo-

117 665 180 682 rum
202 657 326 688 consilio,
349 662 379 682 ut
401 665 508 689 omnes,
526 657 574 691 qui
596 657 623 682 in
645 664 718 682 anno
741 665 757 682 a
774 656 924 682 Nativitate
944 656 1055 681 Domini

118 690 229 717 MCCC.
241 695 268 716 et
282 691 408 725 quolibet
419 700 491 717 anno
503 691 656 717 centesimo
668 695 767 716 extunc
778 695 908 716 secuturo
919 691 955 716 ad
969 691 1054 715 dicto-

117 733 178 750 rum
192 726 396 759 Apostolorum
413 726 542 751 basilicas
557 726 592 751 de
606 726 683 751 Urbe
701 725 869 751 accederent
887 730 1055 756 reverenter,

117 759 260 793 ipsasque,
273 760 296 785 si
314 760 442 791 Romani,
455 760 491 786 ad
508 760 599 785 minus
616 760 716 791 XXX„
731 759 752 785 si
767 768 832 785 vero
851 759 989 793 peregrini
1008 764 1055 784 aut

117 794 245 820 forenses
259 794 370 826 fuerint,
382 794 542 827 quindecim
553 793 652 820 diebus
664 794 800 819 continuis
814 795 858 819 vel
872 793 1054 827 interpolatis,

118 829 218 854 saltem
232 829 320 854 semel
334 829 360 854 in
375 829 429 860 die,
440 828 507 854 dum
517 833 611 854 tamen
620 836 687 854 vere
700 828 876 862 poenitentes
892 832 918 854 et
932 827 1053 853 confessi

116 863 292 894 exsisterent,
310 863 495 896 personaliter
506 863 661 894 visitarent,
674 871 786 888 suorum
805 862 927 888 omnium
946 862 1053 888 obtine-

116 902 178 923 rent
196 897 387 931 plenissimam
404 897 514 923 veniam
535 902 724 931 peccatorum.
760 897 818 922 Nos
840 902 942 928 autem,
964 901 1053 922 atten-

117 931 226 963 dentes,
238 931 314 965 quod
325 939 413 956 annus
425 931 673 965 quinquagesimus
685 932 711 957 in
725 931 788 964 lege
799 931 946 962 Mosaica³‚
958 931 1053 964 (quarn

116 974 172 991 non
196 966 271 991 venit
294 965 430 991 Dominus
456 966 574 997 solvere,
597 966 648 992 sed
673 965 852 999 spiritualiter
876 965 1052 998 adimplere,)

115 1000 253 1026 iubilaeus
271 1000 443 1025 remissionis
460 1004 489 1026 et
507 999 611 1033 gaudii,
629 1008 765 1033 sacerque
785 1000 893 1026 dierum
911 1008 1053 1031 numerus,

116 1042 173 1068 quo
195 1034 258 1067 lege
280 1034 310 1059 fit
331 1034 469 1067 remissio,
487 1035 662 1066 censebatur,
681 1034 814 1068 quodque
833 1034 894 1068 ipse
916 1035 1053 1067 quinqua-

115 1068 245 1102 genarius
267 1076 399 1094 numerus
421 1069 449 1094 in
474 1069 659 1101 testamentis,
681 1069 769 1094 veteri
791 1068 905 1102 quidem
926 1076 960 1094 ex
982 1068 1052 1101 legis

115 1103 238 1134 datione,
255 1110 330 1128 novo
347 1111 381 1128 ex
398 1103 500 1129 visibili
519 1103 636 1137 Spiritus
659 1103 747 1128 sancti
769 1103 796 1128 in
819 1103 971 1141 discipulos
989 1103 1053 1128 mis-

114 1137 204 1169 sione,
228 1145 279 1171 per
300 1146 385 1171 quem
407 1137 489 1163 datur
510 1142 690 1171 peccatorum
715 1137 852 1168 remissio,
877 1137 1054 1170 singulariter

114 1171 415 1205 honoratur,quodque
425 1172 489 1197 huic
500 1173 578 1205 plura
589 1177 616 1198 et
627 1172 744 1205 grandia
754 1172 909 1197 divinarum
918 1171 1053 1205 adaptan-

114 1210 159 1231 tur
179 1206 314 1239 mysteria
335 1206 545 1240 scripturarum,
564 1211 592 1232 et
614 1207 766 1232 clamorem
788 1206 935 1239 peculiaris
957 1205 1053 1239 populi

113 1240 201 1266 nostri
220 1240 346 1271 Romani,
364 1240 495 1266 videlicet
513 1241 567 1266 hoc
584 1241 724 1266 humiliter
743 1240 934 1274 supplicantis,
952 1248 984 1265 ac
1002 1248 1052 1265 nos

114 1275 151 1300 ad
164 1275 251 1300 instar
263 1275 354 1307 Moysi
373 1279 400 1300 et
417 1275 511 1300 Aaron
530 1283 580 1308 per
599 1275 728 1308 proprios
743 1279 770 1300 et
788 1275 918 1300 solennes
935 1274 1052 1300 nuncios

113 1309 150 1334 ad
171 1309 225 1334 hoc
247 1309 402 1334 destinatos
428 1309 587 1343 specialiter
612 1309 716 1335 orantis
742 1317 791 1343 pro
814 1313 874 1334 toto
895 1309 1052 1334 Christiano

113 1343 229 1377 populo,
247 1348 274 1369 et
292 1343 424 1369 dicentis:
449 1344 603 1375 „Domine,
621 1344 699 1377 aperi
722 1344 762 1369 eis
784 1343 947 1369 thesaurum
966 1348 1052 1375 tuum,

113 1377 222 1403 fontem
239 1385 329 1411 aquae
347 1377 436 1409 vivae,
454 1378 647 1404 desiderantes
669 1378 818 1410 benignius
837 1377 978 1409 exaudire,
996 1385 1052 1402 non

114 1411 229 1445 quidem
242 1416 272 1437 ut
290 1411 361 1437 sicut
378 1412 450 1437 illius
463 1412 606 1438 Israelitici
624 1412 721 1446 populi
740 1412 860 1437 indurati
874 1416 967 1437 cesset
979 1420 1052 1437 mur-

113 1446 242 1477 muratio,
256 1445 307 1471 sed
324 1451 353 1471 ut
371 1446 450 1472 istius
468 1446 632 1480 praedilecti
650 1446 746 1480 populi
764 1451 792 1472 et
809 1451 972 1471 cunctorum
985 1445 1052 1472 fide-

113 1481 181 1506 lium
198 1485 334 1513 augeatur
352 1480 475 1513 devotio,
492 1480 562 1506 fides
581 1481 738 1514 splendeat,
752 1489 818 1514 spes
835 1480 938 1513 vigeat,
952 1480 1051 1506 caritas

113 1515 306 1540 vehementius
325 1515 484 1547 incalescat,
502 1515 686 1548 volentesque
705 1523 789 1548 quam
807 1514 941 1548 plurimos
959 1515 1051 1540 huius-

112 1549 190 1575 modi
204 1549 394 1582 indulgentiae
408 1549 468 1575 fore
481 1549 642 1583 participes,
653 1557 739 1583 quum
753 1549 833 1583 pauci
846 1549 996 1574 multorum
1010 1557 1051 1575 re-

114 1588 213 1617 spectu
226 1587 342 1617 propter
355 1584 428 1609 vitae
441 1583 586 1609 hominum
599 1584 766 1609 brevitatem
776 1583 887 1608 valeant
899 1583 936 1608 ad
949 1592 1051 1609 annum

113 1618 298 1644 centesimum
311 1618 467 1651 pervenire,
486 1618 521 1644 de
534 1618 650 1643 fratrum
663 1622 823 1643 nostrorum
842 1617 958 1643 consilio
972 1626 1051 1651 prae—

113 1652 218 1677 dictam
230 1652 445 1678 concessionem
462 1652 653 1685 indulgentiae
671 1661 705 1678 ex
723 1660 807 1686 supra
825 1652 935 1686 scriptis
949 1657 977 1677 et
990 1652 1050 1677 aliis

112 1687 191 1712 iustis
205 1686 295 1712 causis
312 1686 348 1711 ad
366 1695 469 1712 annum
488 1686 752 1720 quinquagesimum
770 1686 898 1712 duximus
915 1686 1050 1712 reducen-

111 1721 186 1752 dam,
197 1725 353 1746 statuentes
366 1721 402 1746 de
416 1721 532 1746 fratrum
546 1721 661 1746 consilio
674 1721 883 1753 praedictorum
896 1725 924 1746 et
937 1725 1049 1755 aposto-

111 1756 182 1781 licae
204 1755 378 1788 plenitudine
401 1755 559 1788 potestatis,
581 1760 610 1780 ut
635 1755 757 1781 universi
783 1755 890 1787 fideles,
916 1756 1050 1788 quivere

112 1789 289 1823 poenitentes
301 1794 328 1814 et
339 1789 461 1815 confessi
472 1789 499 1814 in
509 1798 581 1815 anno
592 1798 609 1815 a
618 1789 769 1815 Nativitate
781 1789 908 1815 eiusdem
915 1789 1049 1815 MCCCL.

111 1824 236 1858 proxime
250 1823 353 1855 futuro,
366 1829 395 1849 et
409 1824 542 1857 deinceps
556 1824 699 1858 perpetuis
713 1823 811 1849 futuris
825 1824 999 1857 temporibus
1014 1824 1049 1850 de

111 1857 315 1891 quinquaginta
336 1858 364 1883 in
386 1858 590 1892 quinquaginta
611 1858 691 1884 annis
713 1858 872 1892 praedictas
895 1858 1049 1884 eorundem

109 1892 183 1918 Petri
198 1897 225 1918 et
238 1892 314 1917 Pauli
328 1893 529 1926 Apostolorum
546 1892 676 1918 basilicas
690 1897 717 1918 et
730 1893 948 1918 Lateranensem
961 1893 1049 1919 eccle-

111 1927 190 1958 siam,
208 1928 303 1960 (quam
321 1926 432 1953 inclitae
449 1927 650 1952 recordationis
669 1927 878 1958 Constantinus,
897 1931 1049 1961 postquam

109 1970 160 1995 per
181 1961 296 1986 beatum
318 1961 492 1993 Silvestrum,
510 1961 581 1987 sicut
602 1969 653 1994 per
674 1961 792 1987 eosdem
813 1962 967 1995 Apostolos
985 1962 1047 1987 Deo

110 1995 254 2021 revelante
272 1996 412 2028 cognovit,
430 2000 542 2021 renatus
561 1995 639 2020 fonte
660 1995 836 2029 baptismatis
859 1995 958 2027 fuerat,
981 2000 1008 2021 et
1029 2005 1046 2022 a

110 2029 240 2063 contagio
258 2029 354 2063 leprae
371 2030 530 2061 mundatus,
549 2029 577 2055 in
594 2029 730 2055 honorem
748 2029 900 2055 Salvatoris
923 2034 1047 2055 constru-

110 2064 194 2095 xisse,
212 2072 353 2097 quamque
371 2064 446 2090 idem
464 2064 563 2090 beatus
582 2064 716 2089 Silvester
733 2072 806 2089 novo
821 2064 1047 2090 sanctificationis

110 2103 138 2124 et
151 2098 356 2124 chrismationis
375 2107 478 2131 genere
496 2098 644 2124 dedicasse
658 2098 769 2131 legitur,
783 2102 811 2124 et
824 2098 850 2123 in
869 2099 945 2123 cuius
959 2098 1047 2124 eccle-

110 2133 167 2159 siae
190 2132 344 2166 parietibus
367 2132 484 2166 praefati
503 2132 655 2158 Salvatoris
677 2132 770 2166 imago
793 2132 905 2166 depicta
928 2133 1047 2166 primurn

111 2167 162 2193 toti
175 2167 280 2201 populo
293 2167 420 2192 Romano
431 2167 577 2193 visibiliter
589 2167 728 2200 apparuit,
739 2167 868 2192 devotius
879 2167 1047 2199 veneranda,

111 2210 195 2236 quam
213 2209 246 2227 ex
262 2200 306 2226 his
324 2205 352 2227 et
374 2201 434 2227 aliis
454 2201 537 2227 certis
555 2206 583 2227 et
601 2201 811 2227 rationabilibus
829 2201 929 2233 causis,
944 2206 973 2226 ut
987 2202 1048 2235 ipsa

109 2236 230 2262 ecclesia
242 2235 347 2269 pariter
359 2235 549 2269 indulgentiae
563 2235 723 2269 praedictae
734 2235 879 2269 privilegio
891 2236 1048 2268 decoretur,

108 2275 135 2297 et
155 2270 273 2295 devotus
290 2270 325 2295 ab
344 2270 446 2296 eodem
463 2270 617 2302 Salvatore,
635 2270 683 2304 qui
700 2270 728 2295 in
750 2270 882 2304 praefatis
901 2270 1046 2304 Apostolis

109 2303 243 2331 mirabilis
254 2304 441 2338 praedicatur,
451 2312 549 2330 eorum
559 2304 665 2330 meritis
676 2309 703 2330 et
714 2304 843 2338 precibus
854 2304 1046 2338 indulgentiae

108 2343 249 2365 mereatur
267 2339 414 2372 percipere
430 2339 598 2372 largitatem,
616 2339 643 2364 in
661 2339 714 2364 hoc
731 2339 890 2364 censuimus
912 2347 1045 2365 veneran-

109 2373 194 2405 dam‚)
214 2381 297 2398 causa
310 2373 468 2399 devotionis
481 2373 567 2399 modo
586 2373 731 2407 praedicto
749 2373 930 2405 visitaverint,
943 2373 1045 2407 plenis-

109 2409 208 2434 simam
226 2407 351 2433 omnium
368 2412 548 2441 peccatorum
566 2416 680 2433 suorum
698 2407 808 2434 veniam
830 2413 1045 2441 consequantur,

110 2443 148 2468 ita
158 2442 296 2474 videlicet,
308 2446 346 2473 ut,
358 2441 517 2475 quicunque
527 2442 664 2468 voluerint
674 2442 876 2475 indulgentiam
886 2442 1045 2468 huiusmodi

108 2476 231 2510 assequi,
249 2484 279 2502 se
297 2476 424 2507 Romani,
439 2476 474 2501 ad
492 2476 583 2502 minus
600 2477 700 2509 XXX„
716 2477 739 2502 si
756 2485 822 2502 vero
841 2477 980 2510 peregrini
998 2481 1045 2502 aut

110 2511 245 2541 forenses,
259 2510 344 2536 modo
362 2510 443 2536 simili
457 2511 518 2536 XV.
533 2510 632 2536 diebus
645 2510 682 2536 ad
699 2511 857 2544 praedictas
875 2511 1002 2537 basilicas
1017 2516 1044 2537 et

109 2545 257 2572 ecclesiam
274 2544 410 2570 accedere
429 2549 584 2577 tencantur,
607 2545 781 2577 adiicientes,
799 2550 828 2570 ut
850 2545 867 2570 ii
886 2545 980 2577 etiam,
998 2546 1044 2579 qui

108 2588 158 2614 pro
173 2588 206 2606 ea
219 2579 418 2612 consequenda
431 2579 467 2604 ad
481 2579 596 2605 easdem
613 2579 743 2605 basilicas
761 2584 790 2606 et
807 2580 953 2606 ecclesiam
967 2588 1045 2606 acce-

108 2615 184 2645 dent,
203 2618 267 2648 post
290 2613 342 2639 iter
361 2618 504 2647 arreptum
527 2613 653 2647 impediti
675 2614 809 2647 legitime,
827 2622 882 2648 quo
900 2614 991 2640 minus
1008 2614 1045 2640 ad

108 2649 215 2675 Urbem
233 2648 279 2673 illo
296 2656 369 2673 anno
387 2648 499 2673 valeant
516 2648 671 2681 pervenire,
689 2653 736 2674 aut
754 2649 780 2674 in
798 2648 851 2680 via,
864 2649 918 2680 vel,
936 2648 1044 2675 dierum

109 2687 272 2718 praetaxato
286 2690 402 2708 numero
416 2690 472 2707 non
485 2682 635 2716 complete,
647 2682 673 2707 in
687 2682 762 2708 dicta
773 2683 849 2709 Urbe
864 2683 1044 2716 decesserint,

107 2726 172 2744 vere
194 2717 371 2751 poenitentes
395 2717 434 2749 (ut
456 2716 651 2750 praemittitur)
674 2722 701 2743 et
719 2717 850 2749 confessi,
868 2717 987 2743 eandem
1005 2718 1044 2743 in-

108 2751 281 2785 dulgentiam
299 2755 514 2784 consequantur.
552 2751 658 2777 Omnes
676 2751 855 2777 nihilominus
873 2756 900 2778 et
922 2752 1044 2785 singulas

107 2786 305 2820 indulgentias,
323 2794 373 2819 per
390 2793 441 2811 nos
458 2785 502 2811 vel
521 2785 755 2819 praedecessores
773 2791 883 2812 nostros
901 2786 1043 2812 Romanos

106 2820 255 2847 Pontifices
266 2824 323 2845 tam
337 2819 566 2854 praenominatis,
577 2828 661 2854 quam
671 2820 732 2846 aliis
743 2820 865 2846 basilicis
877 2825 905 2847 et
918 2821 1043 2847 ecclesiis

107 2855 143 2882 de
165 2855 239 2880 dicta
261 2854 339 2881 Urbe
361 2862 520 2886 concessaS,
538 2859 612 2880 ratas
635 2859 663 2880 et
684 2859 778 2888 gratas
800 2855 946 2888 habentes,
968 2855 1043 2889 ipsas

106 2890 272 2916 auctoritate
285 2889 441 2923 apostolica
453 2888 649 2915 confirmamus
663 2894 691 2915 et
704 2889 903 2923 approbamus,
913 2898 945 2915 ac
959 2890 1044 2916 etiam

105 2924 271 2951 innovamus
297 2928 326 2950 et
349 2922 505 2958 praesentis
531 2923 625 2957 scripti
651 2923 804 2958 patrocinio
829 2924 1042 2951 communimus.

159 3037 212 3057 Tit.
226 3036 264 3057 IX.
297 3036 358 3062 Cap.
373 3035 403 3055 n.
429 3035 450 3061 S)
460 3034 523 3056 chit.
534 3035 602 3057 XXV.

454 201 671 229 EXTRAVAG.
692 201 865 229 COMMUN.
885 201 950 228 LIB.
970 201 1004 227 V.
1023 201 1093 227 TIT.
1113 202 1158 228 lx.
1178 202 1229 228 DE
1248 202 1501 229 POENITENTIIS
1521 207 1573 229 etc.
1592 210 1616 229 c.
1636 211 1660 229 2.
1677 211 1701 236 3.

1059 3037 1064 3064 Ι

1964 202 2031 229 1306

1096 280 1168 305 Nulli
1191 288 1258 313 ergo
1281 280 1394 305 omnino
1416 281 1559 306 hominum
1582 280 1663 306 liceat
1679 280 1751 306 hanc
1769 280 1900 314 paginam
1917 285 2030 307 nostrae

1096 314 1274 346 reductionis,
1288 315 1493 341 constitutionis
1508 321 1559 341 etc.
1597 315 1624 341 Si
1639 315 1700 348 quis
1714 319 1808 340 autem
1826 315 1878 340 hoc
1891 319 2029 342 attentare

1095 349 1323 382 praesumpserit,
1337 349 1557 383 indignationem
1570 349 1770 383 omnipotentis
1784 349 1836 375 Dei
1851 354 1878 375 et
1892 349 2028 376 dictorum

1094 383 1166 409 Petri
1181 388 1207 409 et
1222 383 1296 408 Pauli
1308 384 1507 417 Apostolorum
1519 392 1581 410 sese
1595 384 1703 409 noverit
1716 383 1898 409 incursurum.
1923 384 2028 411 Datum

1093 418 1221 443 Avinion.
1235 418 1280 443 Vl.
1300 418 1417 444 Kalend.
1433 419 1562 444 Februar.
1576 419 1655 444 Pont.
1669 418 1755 443 nostri
1768 419 1821 443 Ao.
1835 419 1854 444 1.
1892 418 2028 452 Quocirca

1093 452 1257 477 fraternitati
1278 457 1386 478 vestrae
1405 461 1454 486 per
1471 453 1627 486 apostolica
1648 452 1750 486 scripta
1772 452 1947 485 mandamus,
1961 461 2027 492 qua-

1093 490 1173 511 tenus
1188 486 1287 518 singuli
1302 491 1424 512 vcstrum
1439 487 1465 512 in
1479 487 1594 520 singulis
1612 487 1711 512 vestris
1730 487 1886 513 civitatibus
1905 492 1933 513 et
1951 487 2027 514 dioe-

1093 520 1202 545 cesibus
1225 520 1382 554 praedictas
1405 527 1513 546 nostras
1539 521 1632 546 literas
1655 521 1774 546 subditis
1795 521 1875 547 vobis
1901 522 1973 547 clero
1999 527 2027 548 et

1093 555 1196 588 populo
1215 555 1373 588 publicetis,
1394 561 1421 580 et
1439 555 1649 587 intelligibiliter
1666 555 1820 588 exponatis,
1841 560 1869 580 ut
1887 555 2028 582 adnuente

1092 588 1212 614 Domino
1227 589 1262 614 ad
1277 589 1492 622 promerendam
1506 589 1663 615 huiusmodi
1674 589 1875 622 indulgentiam
1889 598 1919 616 se
1933 590 2026 624 dispo-

1092 628 1166 648 nant.
1204 623 1345 655 Ceterum‚
1364 624 1428 656 quia
1446 628 1609 657 praesentes
1627 623 1723 649 literae
1742 624 1888 657 nequirent
1910 624 2027 651 forsitan

1092 662 1207 691 propter
1228 657 1334 683 viarum
1357 658 1515 683 discrimina
1537 658 1581 683 vel
1603 658 1657 683 alia
1678 658 1803 690 legitima
1825 658 2027 692 impedimenta

1091 691 1206 724 singulis
1220 696 1343 717 vestrum
1362 692 1509 717 commode
1528 692 1712 726 praesentari:
1735 693 1872 724 volumus,
1887 693 1963 726 quod
1977 702 2026 727 per

1091 730 1128 757 te,
1146 725 1231 751 frater
1247 726 1467 760 archiepiscope,
1485 726 1622 752 dictarum
1643 726 1784 752 literarum
1805 732 2025 761 transsumptum

1091 768 1172 785 manu
1187 760 1298 793 publica
1311 761 1444 794 scriptum
1459 766 1563 794 tuoque
1576 761 1712 786 munitum
1724 761 1814 793 sigillo
1825 761 1914 794 vobis,
1926 762 2025 788 fratres

1090 794 1267 827 suffraganei,
1286 795 1496 826 transmittatur,
1515 795 1557 820 cui
1574 795 1650 820 velut
1668 795 1847 827 originalibus
1869 796 1955 822 literis
1977 796 2025 822 ad-

1090 828 1179 854 hiberi
1192 829 1318 855 volumus
1332 829 1444 863 plenam
1457 829 1550 855 fidem.
1587 830 1691 855 Datum
1705 834 1756 856 etc.
1771 829 1871 864 [1343]

1495 898 1566 918 CAP.
1581 898 1621 917 111.

1089 932 1231 955 Constitutio,
1251 938 1315 951 casus
1330 933 1403 956 Papae
1417 934 1542 952 reservatos
1557 932 1756 956 comprehendens,
1776 933 1843 952 certis
1861 938 1888 952 ex
1903 934 1975 953 causis
1990 934 2026 954 hie

1087 959 1189 983 ponitur;
1217 964 1231 977 a
1253 959 1332 983 quibus
1355 958 1430 977 nullus
1452 961 1524 982 potest
1542 959 1659 1003 absolvere
1681 959 1730 977 sine
1747 959 1839 982 speciali
1857 959 1950 979 licentia
1968 960 2027 980 sedis

1483 986 1559 1008 aposto
1571 990 1626 1003 icae.

1334 1026 1455 1052 Paulus
1475 1026 1625 1052 Venetus
1644 1025 1733 1060 Papa
1751 1026 1782 1051 ΙΙ.

1157 1069 1218 1095 Etsi
1232 1069 1363 1095 dominici
1382 1069 1476 1102 gregis
1490 1068 1573 1094 saluti
1591 1076 1704 1102 semper
1721 1068 1818 1095 intenti
1832 1069 1949 1103 singulis
1963 1079 2025 1097 cum

1089 1103 1246 1130 humilitate
1268 1103 1451 1137 poscentibus
1475 1111 1508 1129 ea
1529 1103 1653 1136 benigne
1675 1103 1831 1130 concedere
1852 1105 2025 1138 studeamus,

1090 1146 1141 1172 per
1163 1146 1235 1172 quae
1253 1139 1445 1172 (peccatorum
1463 1138 1537 1163 mole
1560 1137 1700 1171 deposita)
1719 1138 1793 1163 salus
1807 1138 1868 1172 ipsa
1881 1140 2024 1173 succedat,

1089 1178 1117 1198 et
1131 1172 1166 1198 ab
1184 1173 1273 1198 hostis
1290 1172 1403 1197 humani
1421 1172 1533 1205 generis
1551 1172 1685 1198 servitute
1699 1176 1810 1206 ereptas
1824 1173 1930 1198 animas
1945 1174 2024 1200 lucri-

1089 1206 1222 1232 faciamus
1237 1206 1391 1238 Altissimo,
1406 1206 1452 1240 qui
1466 1206 1547 1232 nobis
1562 1214 1610 1232 eas
1625 1214 1675 1231 sua
1687 1206 1813 1232 bonitate
1827 1208 1976 1234 commisit:
1996 1209 2024 1234 id

1089 1246 1182 1267 tamen
1195 1241 1371 1274 propensiori
1384 1240 1477 1266 studio
1491 1240 1717 1274 praecavendum
1728 1249 1791 1267 esse
1802 1249 1958 1274 censemuS,
1971 1243 2024 1269 nel

1089 1275 1209 1301 cuiusvis
1234 1275 1437 1309 indulgentiae,
1466 1275 1639 1301 remissionis
1668 1275 1714 1301 vel
1743 1275 1881 1301 facultatis
1907 1277 2023 1303 obtentu

1089 1309 1192 1336 Christi
1210 1309 1308 1335 fideles
1325 1309 1506 1343 procliviores
1524 1309 1561 1334 ad
1579 1309 1674 1334 illicita
1690 1309 1717 1335 in
1735 1314 1879 1343 posterum
1897 1313 2023 1337 commit-

1088 1344 1173 1370 tenda
1194 1343 1355 1376 reddantur,
1377 1348 1424 1369 aut
1445 1344 1543 1369 veniae
1565 1343 1683 1369 facilitas
1702 1344 1741 1370 eis
1763 1345 1898 1378 peccandi
1921 1346 2023 1372 tribuat

1088 1378 1266 1404 incentivum.
1285 1379 1345 1404 Hac
1358 1378 1453 1411 itaque
1464 1378 1689 1404 consideratione
1702 1378 1798 1404 habita
1808 1379 1873 1405 olim
1884 1381 2024 1407 emanavit

1088 1421 1104 1438 a
1113 1413 1194 1438 nobis
1207 1413 1368 1438 constitutio
1382 1413 1487 1438 tenoris
1498 1412 1705 1446 subsequentis,
1716 1413 1859 1439 videlicet:
1878 1414 2024 1446 „Sanctis-

1088 1447 1174 1472 simus
1192 1447 1219 1472 in
1233 1447 1345 1473 Christo
1359 1452 1440 1481 pater
1453 1451 1481 1473 et
1499 1446 1628 1472 dominus
1646 1451 1750 1479 noster,
1769 1447 1898 1474 dominus
1911 1449 2022 1482 Paulus,

1088 1481 1182 1507 divina
1199 1481 1375 1514 providentia
1388 1482 1464 1515 Papa
1480 1481 1630 1513 secundus,
1648 1481 1694 1515 qui
1707 1482 1816 1516 pridem
1830 1490 1915 1516 super
1928 1483 2023 1517 plena·

1087 1515 1134 1541 riis
1157 1515 1377 1547 remissionibus,
1401 1524 1473 1549 quae
1491 1515 1579 1541 semel
1597 1516 1624 1541 in
1641 1516 1706 1548 vita,
1728 1521 1756 1542 et
1774 1517 1862 1543 semel
1879 1517 1907 1542 in
1923 1518 2022 1544 mortis

1087 1550 1202 1575 articulo
1221 1550 1420 1583 conceduntur,
1439 1550 1559 1575 formam
1576 1554 1605 1576 et
1621 1558 1748 1576 normam
1765 1551 1892 1584 instituit,
1909 1560 1944 1578 ne
1958 1561 2022 1586 pas-

1087 1584 1139 1610 sim
1157 1585 1216 1610 sine
1234 1584 1398 1618 exceptione
1421 1593 1651 1618 quorumcunque
1673 1585 1819 1611 criminum
1841 1586 2022 1619 procliviores

1086 1619 1273 1645 redderentur
1294 1619 1422 1645 homines
1440 1619 1476 1644 ad
1499 1619 1681 1653 peccandum,
1703 1628 1754 1654 per
1770 1621 1896 1653 regulam
1913 1621 1941 1646 in
1958 1630 2022 1647 can-

1087 1653 1198 1679 cellaria
1215 1653 1369 1687 apostolica
1387 1653 1559 1687 publicatam
1576 1654 1672 1679 statuit
1690 1659 1718 1680 et
1735 1654 1883 1687 ordinavit,
1901 1656 1977 1689 quod
1994 1656 2022 1682 in

1087 1688 1302 1722 quibuscunque
1331 1688 1561 1714 concessionibus
1591 1692 1619 1714 et
1648 1688 1827 1714 facultatibus
1856 1690 2022 1716 absolvendi

1086 1730 1166 1748 casus
1185 1722 1256 1748 infra
1274 1722 1378 1756 scripti,
1396 1727 1529 1756 tanquam
1547 1723 1685 1756 speciales
1704 1723 1765 1749 sedi
1787 1724 1958 1757 apostolicae
1979 1733 2022 1751 re-

1085 1757 1198 1789 servati,
1220 1765 1333 1790 semper
1356 1757 1579 1790 intelligerentur
1601 1757 1719 1791 excepti,
1743 1757 1875 1784 videlicet
1896 1758 2022 1785 offensae

1085 1791 1292 1817 ecclesiasticae
1305 1791 1450 1823 libertatis,
1467 1791 1625 1817 violationis
1639 1791 1776 1817 interdicti
1790 1792 1825 1818 ab
1839 1792 1939 1818 eadem
1952 1793 2022 1819 sede

1085 1825 1218 1859 impositi,
1232 1826 1377 1851 criminum
1391 1826 1525 1858 haeresis,
1544 1826 1757 1859 conspirationis
1771 1826 1798 1852 in
1811 1835 1960 1860 personam
1973 1832 2022 1853 aut

1085 1860 1205 1885 statum2
1218 1860 1336 1885 Romani
1350 1859 1499 1892 Pontificis,
1513 1868 1563 1886 seu
1576 1861 1696 1886 cuiusvis
1710 1860 1844 1893 offensae,
1858 1861 2020 1888 inobedien-

1085 1894 1139 1920 tiae
1153 1902 1202 1920 seu
1215 1894 1375 1920 rebellionis
1390 1894 1518 1920 eiusdem
1531 1894 1671 1920 Pontificis
1685 1895 1730 1921 vel
1748 1895 1823 1921 sedis
1837 1896 2021 1930 apostolicae,

1084 1929 1317 1962 presbytericidii,
1336 1928 1461 1954 offensae
1479 1929 1634 1962 personalis
1652 1929 1680 1954 in
1693 1929 1857 1963 episcopum
1874 1939 1923 1956 seu
1936 1931 2021 1957 alium

1084 1963 1249 1996 praelatum,
1267 1963 1427 1994 invasionis,
1446 1963 1684 1996 depraedationis,
1703 1964 1894 1997 occupationis
1907 1969 1954 1990 aut
1972 1965 2019 1991 de-

1083 1997 1248 2022 vastationis
1267 2002 1403 2022 terrarum
1416 1998 1560 2023 Romanae
1577 1997 1714 2023 ecclesiae
1727 1998 1850 2024 mediate
1862 1999 1908 2025 vel
1924 1999 2020 2025 imme-

1083 2031 1158 2057 diate
1176 2032 1375 2063 subiectarum,
1397 2039 1429 2057 ac
1447 2031 1531 2057 etiam
1553 2031 1704 2057 invasionis
1726 2032 1946 2066 Romipetarum‚
1968 2042 2019 2059 seu

1083 2073 1315 2099 quorumcunque
1337 2066 1454 2091 aliorum
1475 2065 1511 2091 ad
1532 2066 1689 2091 Romanam
1713 2067 1818 2092 curiam
1839 2068 2019 2101 venientium,

1083 2100 1277 2133 prohibitionis
1291 2099 1476 2126 devolutionis
1490 2108 1636 2126 causarum
1649 2100 1686 2126 ad
1699 2100 1803 2126 dictam
1817 2101 1929 2133 curiam,
1944 2102 2020 2128 dela-

1083 2134 1165 2159 tionis
1183 2142 1323 2160 armorum
1340 2139 1369 2160 et
1386 2134 1504 2160 aliorum
1525 2134 1729 2168 prohibitorum
1751 2135 1787 2161 ad
1809 2141 1904 2169 partes
1921 2136 2018 2163 infide-

1082 2168 1350 2202 lium,impositionis
1361 2177 1498 2194 novorum
1508 2177 1624 2195 onerum
1637 2170 1753 2195 realium
1763 2170 1807 2196 vel
1819 2171 2018 2204 personalium,

1082 2203 1208 2229 ecclesiis
1226 2203 1271 2228 vel
1287 2203 1484 2229 ecclesiasticis
1503 2203 1641 2237 personis,
1659 2204 1794 2230 simoniae
1812 2213 1897 2239 super
1914 2205 2018 2231 ordini—

1082 2237 1133 2263 bus
1159 2237 1203 2263 vel
1227 2237 1370 2263 beneficiis
1395 2238 1582 2271 assequendis
1607 2238 1634 2263 in
1656 2239 1757 2264 eadem
1778 2239 1854 2265 curia
1874 2239 1918 2265 vel
1940 2245 2019 2266 extra

1082 2276 1250 2304 contractae,
1263 2276 1291 2297 et
1305 2272 1474 2305 generaliter
1486 2272 1513 2297 in
1524 2272 1644 2305 casibus,
1658 2274 1796 2298 contentis
1808 2273 1835 2298 in
1848 2274 1932 2305 bulla,
1944 2282 2018 2308 quae

1082 2306 1227 2332 consuevit
1249 2306 1276 2331 in
1299 2306 1345 2332 die
1363 2314 1468 2332 coenae
1485 2306 1598 2332 Domini
1621 2315 1672 2341 per
1693 2308 1928 2341 praedecessores
1951 2317 2017 2335 suos

1082 2341 1224 2366 Romanos
1238 2340 1386 2366 Pontifices
1400 2341 1544 2374 publicari,
1558 2341 1748 2374 considerans,
1763 2342 1838 2376 quod
1850 2343 1958 2376 plerum
1982 2352 2017 2369 ue

1082 2375 1217 2407 contingit
1235 2383 1315 2400 suam
1332 2375 1510 2401 sanctitatem
1528 2376 1687 2401 huiusmodi
1706 2376 1853 2402 facultates
1867 2381 1894 2402 et
1908 2385 1960 2402 con
1974 2385 2017 2403 es-

1082 2409 1198 2434 sionalia
1219 2414 1275 2434 tam
1298 2409 1493 2443 praesentibus
1516 2418 1600 2444 quarn
1621 2410 1784 2436 absentibus
1802 2411 1886 2437 etiam
1903 2412 2016 2437 oraculo

1080 2443 1160 2469 vivae
1173 2444 1250 2469 vocis
1264 2443 1429 2476 concedere,
1441 2444 1487 2477 (ne
1500 2449 1645 2478 praetextu
1656 2445 1845 2471 concessionis
1856 2446 2017 2472 huiusmodi

1081 2478 1125 2504 vel
1151 2477 1328 2511 poenitentes
1349 2478 1393 2504 vel
1415 2478 1592 2505 confessores
1619 2479 1646 2504 in
1667 2487 1751 2513 supra
1773 2480 1882 2513 scriptis
1905 2480 2016 2507 casibus

1080 2512 1210 2538 fallantur
1221 2517 1247 2538 et
1262 2512 1378 2545 fallant)
1390 2513 1486 2538 statuit
1496 2518 1523 2539 et
1535 2513 1667 2545 decrevit,
1677 2522 1744 2540 suae
1754 2514 1914 2540 intentionis
1928 2515 2016 2541 fuisse

1080 2552 1108 2573 et
1133 2555 1205 2578 esse,
1230 2555 1280 2580 per
1305 2555 1486 2581 quascunque
1511 2547 1707 2574 concessiones
1733 2553 1761 2575 et
1785 2548 1941 2581 facultates,
1966 2558 2017 2583 per

1080 2590 1159 2607 suam
1173 2581 1350 2607 sanctitatem
1364 2586 1421 2607 tam
1431 2582 1535 2616 scripto
1547 2590 1630 2615 quam
1642 2582 1728 2608 verbo
1742 2583 1829 2609 factas
1840 2588 1868 2609 et
1881 2583 1909 2609 in
1922 2589 2016 2617 poste-

1080 2624 1140 2641 rum
1158 2615 1311 2647 faciendas,
1329 2616 1432 2642 nemini
1451 2616 1534 2642 licere
1552 2616 1672 2642 irretitos
1691 2616 1771 2643 dictis
1789 2618 1900 2643 casibus
1922 2618 2015 2644 absol-

1079 2658 1144 2676 vere
1163 2649 1223 2676 sine
1240 2650 1354 2684 speciali
1372 2658 1440 2676 suae
1457 2650 1611 2676 sanctitatis
1630 2651 1750 2683 licentia,
1769 2652 1834 2685 quin
1852 2652 1936 2677 immo
1950 2660 2014 2678 con-

1080 2684 1222 2710 cessiones
1236 2689 1264 2710 et
1281 2685 1388 2710 indulta
1405 2684 1547 2718 praedicta
1566 2685 1660 2718 quoad
1678 2694 1758 2711 casus
1772 2691 1904 2720 exceptos
1922 2687 2016 2713 huius-

1080 2719 1157 2744 modi
1178 2719 1244 2744 nulli
1267 2720 1378 2753 penitus
1397 2719 1570 2751 suffragari.“
1608 2719 1646 2745 Ut
1659 2725 1752 2746 autem
1771 2721 1831 2754 ipsa
1844 2721 2015 2755 constitutio,

1080 2754 1164 2787 (quae
1186 2753 1301 2785 dudum,
1319 2753 1423 2779 scilicet
1442 2753 1539 2787 quinto
1558 2753 1699 2779 Kalendas
1717 2754 1819 2788 Aprilis
1838 2755 1902 2780 anni
1921 2755 1957 2781 ab
1976 2756 2015 2781 in-

1079 2788 1239 2814 carnatione
1253 2788 1365 2813 Domini
1380 2787 1467 2813 nostri
1481 2788 1543 2813 lesu
1557 2788 1659 2814 Christi
1674 2788 1812 2814 millesimi
1827 2789 2014 2824 quadringen-

1079 2822 1170 2848 tesimi
1192 2822 1358 2855 sexagesimi
1382 2822 1461 2853 sexti,
1482 2822 1661 2848 Pontificatus
1684 2823 1771 2848 nostri
1794 2831 1866 2849 anno
1889 2825 2013 2852 secundo

1078 2857 1220 2891 publicata
1238 2856 1308 2889 fuit‚)
1329 2856 1435 2882 eisdem
1450 2856 1552 2882 Christi
1571 2856 1700 2882 fidelibus
1718 2857 1826 2891 plenius
1845 2858 2011 2893 innotescat,

1077 2891 1227 2925 nullusque
1240 2891 1311 2916 illius
1325 2890 1511 2924 ignorantiam
1528 2891 1713 2925 praetendere
1726 2892 1816 2918 valeat
1834 2893 1861 2918 in
1879 2892 2013 2920 futurum:

1077 2925 1272 2960 praesentibus
1295 2925 1378 2951 inseri
1401 2925 1529 2958 fecimus,
1551 2930 1581 2952 ut
1597 2926 1634 2952 ad
1655 2926 1791 2954 maiorem
1808 2927 1932 2955 omnium
1951 2937 2014 2965 per-

1135 3038 1196 3063 Cap.
1212 3038 1250 3058 111.
1280 3037 1299 3063 1)
1310 3043 1363 3059 nee:
1376 3037 1414 3058 Ed.
1424 3037 1483 3058 Rom.
1494 3044 1548 3065 oper.
1560 3039 1628 3060 mend.
1681 3040 1702 3065 2)
1712 3042 1831 3062 statutum:
1846 3041 1872 3063 n'b.
