2243 3288
135 218 201 246 1189

139 296 355 323 Considerantes
374 297 465 330 igitur,
480 302 615 332 quantum
629 307 663 325 ex
679 299 723 324 his
741 303 798 324 tam
811 302 906 324 nostro
920 302 947 324 et
960 304 1072 332 aposto—

136 331 206 358 licae
220 331 295 357 sedis
306 331 413 363 honori,
425 340 509 365 quam
519 341 702 366 personarum
713 333 966 359 ecclesiasticarum
977 333 1071 366 quieto

136 370 165 392 et
188 373 324 399 prospero
350 366 433 391 statui
458 375 514 392 non
538 367 598 393 sine
623 367 783 393 damnanda
804 367 924 401 exempli
950 368 1072 401 pernicie

137 400 296 433 derogetur,
315 408 394 426 sacro
416 401 593 434 approbante
612 402 728 427 concilio
746 402 902 433 statuimus,
916 405 945 426 ut
962 406 1073 435 praeter

135 434 303 460 sententiam
313 434 437 467 canonis,
449 443 532 468 quam
543 435 678 462 facientes
689 440 716 462 et
727 435 785 462 fieri
798 440 980 470 procurantes
994 444 1072 470 prae-

136 469 237 494 missas
244 468 272 486 δ’
286 468 427 494 incurrere
440 469 650 503 dignoscuntur,
664 475 846 504 procurantes
859 470 921 504 ipsi,
935 479 1072 504 personae

136 502 343 529 ecclesiasticae
361 504 539 536 exsistentes,
552 512 569 530 a
586 505 767 538 perceptione
784 504 924 530 fruetuum
941 505 1071 530 ecclesia-

135 545 196 562 rum
207 537 358 569 suarum,si
369 537 472 563 suerint
482 539 733 572 praelati,triennio
744 539 798 564 sint
808 539 946 572 suspensi.
965 539 1071 573 Quodsi

136 571 281 597 inferiores
295 572 460 604 exstiterint,
474 581 508 598 eo
526 573 589 606 ipso
603 573 724 599 obtentis
739 573 883 599 beneficiis
897 573 950 598 sint
964 573 1071 607 privati,

135 605 188 630 illis
206 613 327 639 poenam
344 606 494 632 incursuris
512 607 642 639 eandem,
660 607 716 641 qui,
734 615 770 633 ne
787 607 874 640 citati,
891 612 920 633 ut
942 609 1071 641 praemit-

135 639 210 671 titur,
228 639 265 665 ad
288 640 386 666 sedem
404 641 588 674 apostolicam
605 642 726 674 veniant,
746 641 797 667 sed
819 646 849 667 ut
870 650 900 667 se
922 642 1071 668 obtentui*

135 673 295 699 huiusmodi
317 683 334 700 a
353 675 492 701 veniendo
516 680 657 707 excusent,
679 684 695 701 a
717 680 858 710 potestate
883 677 1016 702 saeculari
1041 685 1071 703 se

136 708 207 742 capi,
221 708 268 734 ut5
280 709 420 735 interdum
433 710 587 743 contigisse
599 709 766 742 audivimus,
776 711 949 744 procurarint
956 712 974 737 ⁶.
1000 711 1071 737 Sane

136 742 342 775 resignationes
367 743 577 776 beneficiorum,
601 744 687 770 modo
712 753 798 778 supra
823 745 914 770 dicto7
941 750 1071 777 extortas,

135 777 244 810 (licet‘a
261 778 462 811 resignantium
479 778 603 812 ipsorum
622 779 754 812 praelatis
773 784 905 813 receptae
927 784 974 804 aut
996 785 1072 805 ratae

136 811 249 837 habitae
263 811 384 845 fuerint,)
398 813 498 838 nullius
514 812 627 838 omnino
642 813 836 839 decernimusS
849 822 911 839 esse
925 814 1070 846 firmitatis,

136 845 260 871 locorum
274 846 420 872 ordinariis
435 847 622 880 iniungentes,
637 852 675 879 ut,
689 852 839 881 postquam
852 849 892 873 eis
907 849 1071 880 constiterit,

136 879 245 913 aliquos
259 881 312 906 sibi
325 881 468 906 subiectos
481 889 603 915 poenam
613 885 640 907 et
651 883 818 907 sententiam
832 883 979 908 incurrisse
993 891 1070 916 prae·

135 914 246 946 missas,
256 915 331 948 ipsas
341 915 484 948 publicare
494 923 550 941 non
561 915 699 947 differant,
712 917 939 951 exsecutionique
951 917 1071 950 debitae,

136 954 219 982 prout
232 948 267 974 ad
280 957 330 975 eos
343 949 532 983 pertinueritss,
547 949 727 977 demandare.

539 1019 612 1040 CAP.
628 1020 667 1039 111.

135 1053 322 1072 excommunicat
335 1053 452 1077 religiosos
466 1054 620 1074 mendicantes
635 1056 808 1078 transgressores
824 1055 990 1074 constitutionis
1004 1055 1071 1074 Boni-

135 1078 188 1096 sacti
198 1079 225 1098 de
241 1084 324 1098 excess.
335 1080 428 1103 praelat.
438 1086 486 1104 cap.
497 1080 556 1099 unic.
567 1081 617 1099 libr.
629 1081 666 1100 VI.
695 1081 749 1099 lteni
765 1086 842 1099 omnes
857 1081 979 1105 religiosus.
995 1081 1032 1104 qui
1048 1081 1071 1099 in

135 1104 276 1123 sermonibus
286 1105 322 1124 vel
331 1105 387 1124 alibi
401 1106 516 1129 proferunt
527 1106 608 1130 aliqua,
623 1108 647 1124 nt
658 1107 771 1125 retrahant
781 1112 794 1125 a
803 1107 914 1125 solutione
925 1106 1070 1129 decimarum,

134 1135 228 1153 quarum
238 1130 372 1150 solutionem
384 1132 450 1150 certis
460 1132 538 1150 diebus
549 1135 571 1150 et
585 1133 608 1150 in
619 1132 797 1151 confessionibus
807 1133 901 1151 suadere
916 1134 1021 1151 tenentur
1030 1132 1070 1150 sub

135 1156 202 1174 certis
221 1156 310 1180 poenis,
333 1163 388 1180 quas
407 1158 530 1179 incurrunt,
551 1158 594 1176 nisi
613 1158 658 1176 sint
675 1158 742 1181 tales,
762 1163 855 1181 qnorum
875 1158 1017 1177 monasteriis
1035 1158 1071 1176 vel

135 1181 237 1200 eeclesiis
256 1183 363 1206 competit
380 1183 496 1206 percipere
515 1183 620 1202 decimas.
656 1184 734 1202 Ioaun.
754 1184 823 1202 Andr.
843 1194 867 1197 —
886 1184 1071 1202 Exeommunteat

134 1206 255 1227 violatores
266 1208 349 1228 decret.
360 1208 387 1228 de
401 1209 481 1234 sepult.
491 1209 542 1228 libr.
553 1210 590 1228 VI.
601 1211 623 1228 et
633 1209 785 1229 absolutiones
795 1210 869 1233 I'apae
879 1211 985 1229 reservat.
1011 1210 1038 1229 H.
1050 1210 1070 1228 d.

525 1235 604 1254 loann.
615 1235 685 1254 Andr.

556 1285 655 1311 Idem.

205 1327 357 1361 Cupientes
375 1336 433 1359 eos,
452 1336 523 1362 quos
541 1328 577 1353 ad
599 1329 805 1354 observantiam
823 1329 922 1354 iurium
938 1329 1071 1354 virtutum

135 1362 261 1395 praemia
270 1370 327 1387 non
337 1362 479 1394 inducunt,
490 1366 547 1388 tam
557 1362 730 1388 adiectarum
740 1363 956 1395 exaggeratione
967 1371 1070 1396 poena-

136 1404 205 1427 rum,
224 1404 308 1430 quam
330 1396 549 1423 adiiciendarum
568 1397 604 1422 de
622 1405 694 1422 novo
718 1397 865 1423 formidine
883 1406 899 1423 a
916 1397 1069 1423 temerariis

135 1430 250 1456 ausibus
267 1430 418 1462 refrenare,
436 1435 658 1464 transgressores
677 1431 881 1457 constitutionis
890 1432 908 1464 1,
923 1440 995 1465 quae
1008 1431 1069 1457 reli-

135 1464 222 1497 giosis
240 1465 463 1491 mendicantibus
482 1465 582 1491 domos
600 1466 636 1491 ad
654 1466 836 1491 habitandum
853 1466 897 1491 vel
910 1466 971 1491 loca
985 1474 1069 1499 quae-

135 1507 246 1532 cunque
259 1499 294 1524 de
307 1507 379 1525 novo
390 1500 524 1533 recipere,
534 1504 649 1533 recepta
661 1500 823 1533 hucusque²
835 1504 952 1532 mutare,
963 1500 1007 1525 vel
1020 1500 1070 1526 ea³

136 1533 286 1559 transferre
300 1534 327 1559 in
340 1534 410 1559 alios
424 1534 544 1560 cuiusvis
558 1534 732 1560 alienationis
751 1535 831 1559 titulo
845 1534 993 1566 interdicit,
1007 1534 1069 1559 illos

136 1568 220 1593 etiam
238 1568 393 1601 religiosos,
412 1568 459 1602 qui
476 1568 578 1602 aliqua,
593 1572 622 1593 ut
641 1568 787 1594 audientes
805 1577 821 1594 a
838 1568 1009 1594 decimarum
1026 1577 1069 1594 ec-

135 1602 226 1628 clesiis
241 1602 398 1628 debitarum
411 1603 551 1628 solutione
563 1603 716 1635 retrahant,
726 1602 754 1628 in
767 1603 941 1629 sermonibus
955 1603 1012 1628 suis
1025 1603 1069 1628 vel

134 1636 200 1662 alibi
211 1636 337 1670 proferre
348 1641 538 1670 praesumunt,
548 1637 840 1662 excommunicationis
851 1637 996 1663 subiacere
1007 1645 1068 1662 sen-

135 1671 240 1696 tentiae
262 1671 454 1697 decerniinus4
478 1671 540 1704 ipso
565 1671 648 1697 facto.
684 1672 720 1697 Et
741 1672 815 1705 quia,
837 1671 889 1697 nisi
914 1671 970 1703 fiat,
992 1671 1069 1704 quod

135 1706 241 1731 bonum
254 1709 305 1737 est,
319 1714 335 1731 a
348 1705 421 1731 malo
435 1705 576 1731 abstinere
589 1714 644 1731 non
659 1705 774 1731 sufficit:
788 1705 925 1738 religiosis
940 1706 1068 1731 omnibus

136 1740 304 1772 iniungimus
316 1740 367 1765 sub
379 1740 568 1766 obtestatione
582 1740 666 1765 divini
680 1740 773 1765 iudicii
788 1740 832 1765 et5
845 1740 1069 1765 interminatione

135 1774 338 1800 maledictionis
357 1779 498 1807 aeternae,
517 1779 556 1806 ut,
571 1774 681 1808 quoties
699 1774 804 1808 populo
822 1774 1024 1808 praedicabunt
1042 1775 1069 1799 in

134 1809 223 1841 prima
250 1809 398 1840 dominica,
422 1813 520 1842 quarta
545 1813 573 1834 et
597 1809 693 1834 ultima
720 1809 962 1842 quadragesimae,
985 1813 1012 1834 et
1042 1809 1069 1833 in

136 1843 214 1869 festis
226 1843 427 1868 Adscensionis
442 1843 605 1875 dominicae,
617 1843 809 1875 Pentecostes‚
822 1843 980 1868 Nativitatis
992 1843 1068 1869 beati

135 1877 244 1903 Ioannis
266 1877 415 1910 baptistae,
433 1877 640 1910 Assumptionis
659 1882 687 1903 et
708 1877 866 1902 Nativitatis
888 1877 1068 1903 beatissimae

134 1911 248 1945 virginis
266 1911 404 1937 Mariae0‘
425 1911 520 1937 matris
538 1911 601 1943 Dei,
619 1911 765 1937 audientes
783 1919 916 1945 expresse
937 1911 1069 1937 studeant

134 1946 294 1977 informare,
308 1946 329 1971 si
343 1946 378 1971 ab
392 1946 573 1971 ecclesiarum
585 1946 751 1978 rectoribus,
764 1946 808 1971 vel
821 1945 929 1971 vicariis
943 1950 990 1971 aut
1008 1946 1069 1971 loca

134 1981 294 2006 tenentibus
313 1979 467 2006 eorundem
483 1980 609 2013 requisiti
628 1980 738 2012 fuerint,
751 1988 803 2005 nec
820 1988 876 2005 non
894 1980 986 2012 ethis,
1001 1989 1068 2013 quo-

135 2024 195 2040 rum
206 2015 396 2040 confessiones
406 2014 530 2045 audient,
539 2014 738 2040 conscientiam
749 2014 851 2045 facere,
859 2014 934 2047 quod
946 2014 1068 2039 decimas

136 2050 245 2075 solvere
259 2058 314 2074 non
328 2049 465 2074 omittant.
503 2049 609 2082 Quodsi
623 2048 694 2074 forte
706 2049 734 2073 in
747 2048 1001 2082 praedicationibus
1016 2048 1068 2073 hoc

134 2085 225 2118 ipsum
244 2092 327 2117 supra
345 2083 426 2108 dictis
444 2083 543 2108 diebus
566 2082 685 2108 suadere
703 2083 823 2108 scienter
841 2082 996 2108 omiserint:
1019 2091 1069 2116 per

135 2118 292 2152 superiores
304 2126 400 2143 eorum
413 2117 535 2151 graviter
548 2121 708 2150 arguantur.
733 2117 839 2150 Quibus
850 2117 934 2142 ctiam
944 2117 1068 2150 superio-

134 2153 209 2178 ribus
223 2153 250 2177 in
263 2153 363 2177 virtute
377 2156 489 2177 sanctae
503 2151 680 2177 obedientiae
695 2151 818 2176 districte
832 2151 1027 2184 praecipimus,
1038 2155 1068 2176 ut

136 2192 232 2213 contra
245 2187 336 2212 taliter
349 2186 508 2211 omittentes
523 2190 626 2211 statuta
644 2186 772 2219 poenalia
790 2185 901 2217 faciant,
915 2185 1068 2210 secundum

136 2230 207 2255 quae
225 2221 264 2246 sic
284 2221 383 2246 acriter
400 2220 515 2254 puniant
533 2224 765 2253 transgressores,
779 2219 855 2253 quod
869 2227 958 2253 poena
972 2227 1069 2245 eorum

134 2257 169 2281 sit
183 2255 283 2281 ceteris
296 2255 323 2280 in
337 2255 504 2288 exemplum,
518 2254 717 2280 constitutione
729 2254 821 2279 bonae
834 2253 986 2279 memoriae
1000 2254 1068 2279 Gre-

135 2290 204 2324 gorii
224 2290 314 2322 Papae
332 2289 400 2314 xi*
422 2288 648 2322 praedecessoris
666 2288 753 2314 nostri
771 2288 844 2313 circa
861 2288 929 2313 haec
947 2287 1022 2313 edita
1042 2287 1068 2313 in

135 2333 185 2351 suo
204 2324 382 2349 nihilominus
401 2323 501 2349 robore
520 2323 659 2348 duratura.
697 2323 749 2356 Qui
766 2330 833 2348 vero
851 2322 971 2348 scienter
992 2326 1068 2355 post-

135 2359 278 2393 posuerint
305 2357 501 2383 confitentibus
526 2357 726 2383 conscientiam
751 2357 842 2382 facere
867 2356 902 2382 de
927 2356 1068 2382 solvendis

136 2392 294 2419 huiusmodi
305 2392 430 2423 decimis,
440 2392 475 2417 ab
487 2391 578 2417 officio
590 2391 806 2425 praedicationis
821 2391 926 2416 tamdiu
937 2395 1068 2416 maneant

135 2429 195 2462 ipso
210 2427 283 2452 sacto
301 2426 439 2460 suspensi,
454 2426 544 2451 donec
562 2425 759 2451 confitentibus
777 2425 853 2458 ipsis,
867 2425 889 2450 si
907 2425 959 2450 hoc
977 2425 1068 2458 ipsum

135 2463 187 2488 sibi
210 2461 321 2487 dicendi
343 2460 491 2486 commode
514 2460 674 2486 facultatem
695 2459 852 2491 habuerint,
869 2459 1068 2484 conscientiam

135 2495 367 2527 fecerint,exinde
379 2494 674 2520 excommunicationis
685 2494 818 2519 incursuri
829 2493 995 2519 sententiam
1007 2493 1067 2526 ipso

135 2531 219 2562 sacto,
237 2531 259 2555 si
278 2529 440 2563 praedicare
462 2528 710 2562 praesumpserint,
727 2528 869 2562 praedicta
889 2527 1068 2560 negligentia,

136 2570 165 2591 ut
186 2564 380 2598 praemittitur,
402 2571 457 2588 non
479 2567 610 2596 purgata3
633 2562 668 2587 ad
691 2562 836 2595 religiosos
859 2567 951 2587 tamen
973 2570 1068 2587 mona-

135 2600 283 2626 steriorum
296 2598 339 2624 vel
353 2600 509 2623 rectores*
528 2597 708 2622 ecclesiarum
722 2597 844 2622 decimas
858 2595 1068 2629 percipientium

136 2634 263 2660 nolumus
277 2633 329 2658 hoc
342 2631 464 2658 extendi.
501 2632 582 2663 Sane,
596 2631 759 2656 temerarios
772 2631 923 2656 violatores
937 2630 1068 2655 constitu—

136 2669 235 2694 tionis‘J
248 2667 330 2699 illius,
341 2675 413 2700 quae
423 2665 561 2697 religiosis
573 2670 600 2690 et
611 2665 718 2690 clericis
729 2664 917 2690 saecularibus
929 2664 1066 2698 prohibet,

136 2712 170 2728 ne
183 2703 291 2736 aliquos
305 2701 341 2726 ad
354 2698 522 2731 vovendum,
537 2699 691 2731 iurandum,
704 2699 749 2725 vel
764 2699 819 2725 side
832 2698 1006 2732 interposita,
1019 2706 1067 2724 seu

135 2737 203 2763 alias
226 2735 446 2770 promittendum
468 2734 609 2765 inducant,
632 2738 661 2758 ut
683 2733 854 2767 sepulturam
875 2733 950 2766 apud
972 2741 1068 2758 corum

136 2771 270 2798 ecclesias
292 2770 406 2803 eligant,
423 2769 467 2794 vel
488 2769 543 2794 iam
565 2768 683 2794 electam
705 2768 818 2793 ulterius
842 2775 897 2792 non
914 2767 1068 2799 immutent,

136 2806 254 2832 similem
272 2804 450 2835 sententiam,
468 2804 570 2837 (poena
587 2802 613 2827 in
632 2802 706 2827 dicta
724 2801 921 2828 constitutione
939 2805 1069 2828 contenta

186 2927 238 2946 Tit.
253 2927 279 2945 X.
313 2926 374 2949 Cap.
389 2925 406 2943 I.
433 2923 453 2947 3)
463 2923 595 2948 praemissa:
610 2922 670 2941 Codd.
681 2922 727 2941 coll.
758 2923 779 2945 Δ)
789 2923 829 2942 sub
840 2922 927 2941 oblatu:
942 2921 967 2941 ib.
1004 2921 1024 2946 5)
1035 2923 1069 2942 ut:

136 2952 202 2972 dccst:
217 2951 252 2971 AD
292 2951 312 2975 G)
322 2952 480 2975 procurarunt:
494 2948 564 2969 ACDF
605 2949 625 2972 Τ)
635 2948 702 2967 niodo
712 2949 836 2972 praedicto:
851 2947 923 2967 lim-:F
964 2947 984 2971 8)
995 2948 1069 2967 deero-

135 2979 219 2998 vimus:
234 2977 269 2996 Ali·
319 2978 339 3001 9)
350 2977 508 3001 pertinuerint:
523 2974 577 2994 Bell

187 3004 248 3027 Cap.
264 3004 304 3022 ΠΙ.
332 3002 351 3026 l)
362 3008 378 3021 c.
391 3008 427 3021 uu.
438 3001 461 3020 dc
472 3007 512 3020 esc.
522 3000 589 3025 prael.
600 3000 621 3019 in
632 3001 686 3019 Vlto
697 3000 724 3024 (5,
734 3000 763 3023 0.)

135 3030 155 3051 3)
167 3034 217 3048 eos:
231 3028 260 3049 15.-
273 3029 342 3048 mest:
356 3028 372 3047 A
432 3028 454 3051 4)
465 3027 615 3046 decrevimus:
630 3025 665 3045 ΛΕ

803 2999 823 3022 2)
834 3005 892 3018 nunc
903 3005 983 3023 usque:
997 2997 1071 3018 AEFJI

464 219 789 247 CLEMENTINARUM
807 220 872 246 LIB.
892 220 926 246 V.
945 221 1014 246 TIT.
1035 221 1103 247 VlII.
1124 221 1168 247 IX.
1189 221 1239 247 DE
1258 221 1512 248 l'OENlTENTIlS
1532 226 1584 248 ete.
1605 230 1627 248 c.
1650 230 1670 248 1.
1692 230 1714 248 2.

715 3025 735 3047 5)
746 3026 797 3045 sub:
813 3025 860 3047 lm,-
874 3027 895 3044 et
906 3026 957 3044 int:
971 3024 1040 3044 elcesi:
1054 3025 1069 3043 A
1105 3026 1125 3044 5)
1136 3025 1275 3048 dispensant:
1290 3024 1326 3043 BE

135 3055 155 3081 ϋ)
166 3055 233 3074 Μαι-,ι
247 3053 315 3075 deest:
330 3054 390 3074 Codd.
401 3053 447 3073 coll.
475 3053 494 3077 7)
505 3053 554 3072 lx:
569 3051 632 3072 recle:
645 3050 760 3074 ,chDE(1*,·
770 3061 791 3065 ,-
802 3051 828 3076 cf.
840 3057 857 3071 c.
868 3052 886 3071 1.
897 3050 921 3070 do
931 3050 973 3070 dcc.
984 3051 1004 3070 fu
1016 3051 1069 3071 VIto
1106 3050 1205 3071 ducitur:
1220 3050 1280 3070 codd.
1292 3049 1338 3069 coll.

1976 222 2041 248 1190

1108 299 1134 324 in
1148 307 1198 325 suo
1212 299 1381 333 perdurante
1399 300 1520 333 robore,)
1535 300 1672 326 incurrere
1686 300 1813 326 volumus
1832 299 1892 333 ipso
1906 299 1988 331 facto,
2001 300 2037 325 ab

1107 333 1160 358 alio
1175 342 1259 367 quam
1272 343 1288 359 a
1302 335 1369 360 sede
1383 335 1546 368 apostolica,
1558 339 1753 368 praeterquam
1764 335 1791 360 in
1804 334 1901 359 mortis
1914 334 2038 366 articulo,

1107 368 1264 394 nullatenus
1281 369 1478 400 absolvendos,
1492 369 1573 394 nullis
1591 369 1741 402 privilegiis
1755 373 1802 394 aut
1815 369 1934 401 statutis,
1948 369 2036 394 cuius-

1108 410 1216 436 cunque
1230 403 1333 429 tenoris
1348 403 1519 435 exsistantw,
1533 412 1617 437 Super
1630 403 1671 428 his
1685 403 1818 430 valituris.

1394 500 1495 528 TIT
1513 500 1541 529 U
1559 500 1584 529 L
1601 500 1630 529 U
1649 500 1668 529 S
1702 500 1751 528 IX.

1153 557 1208 582 DE
1234 557 1538 583 POENITENTIIS
1566 557 1620 582 ET
1646 557 1988 584 REMISSIONIBUS.

1519 626 1590 646 CAR
1606 628 1623 645 1.

1107 661 1224 679 Damnatis
1234 660 1261 679 ad
1276 661 1369 679 mortem
1384 660 1426 679 hoe
1441 661 1567 684 petentibus
1581 661 1720 684 poenitentia
1729 661 1822 680 concedi
1837 662 1909 684 debet.
1926 667 1966 680 nee
1981 661 2040 680 valet

1107 686 1221 705 contraria
1235 686 1378 705 consuetudo.
1411 686 1513 705 Secundo
1528 686 1627 705 locorum
1643 687 1768 705 ordinarios
1778 688 1805 706 ad
1821 688 1862 706 hoe
1873 688 2038 711 exsequendum

1297 712 1380 731 excitat
1390 712 1432 731 ibi:
1449 712 1593 736 „locorunn”
1621 713 1648 731 ll.
1660 713 1680 731 d.
1693 713 1768 731 loann.
1779 713 1848 732 Andr.

1255 762 1409 788 Clemens
1429 762 1463 788 V.
1482 761 1512 787 in
1532 762 1678 788 concilio
1697 763 1891 789 Viennensi.

1176 805 1267 837 Quum
1292 805 1445 830 secundum
1470 809 1574 830 statuta
1598 805 1730 831 canonica
1752 806 1847 831 ultimo
1870 806 2037 840 deputandis

1107 839 1243 872 supplicio
1262 839 1367 872 negari,
1386 839 1407 864 si
1430 843 1535 872 petant,
1554 847 1609 864 non
1627 839 1731 865 debeat
1743 840 1931 873 poenitentiae
1949 849 2039 866 sacra-

1106 877 1245 899 mentum:
1259 873 1377 899 abusum
1388 873 1576 899 damnabilem
1587 873 1615 898 in
1626 874 1793 906 quibusdam
1804 875 1929 907 partibus
1942 880 2039 901 contra

1106 908 1160 933 hoc
1172 907 1360 933 introductum
1373 908 1479 933 aboleri
1493 907 1605 933 omnino
1619 908 1755 939 volentes,
1766 908 1925 934 iustitiarios
1940 917 2037 934 omnes

1107 946 1134 967 et
1156 941 1285 967 dominos
1307 942 1486 976 temporales,
1504 946 1533 967 ut
1554 942 1589 967 ab
1611 942 1769 967 huiusmodi
1787 942 1923 968 desistant
1940 943 2038 975 abusu,

1106 976 1249 1001 hortamur
1258 976 1285 1001 in
1294 977 1416 1001 Domino
1427 980 1454 1002 et
1465 976 1643 1001 obsecramus
1655 985 1705 1010 per
1714 977 1821 1002 viscera
1831 977 2039 1003 misericordiae

1106 1011 1168 1036 Iesu
1182 1010 1293 1042 Christi,
1307 1011 1431 1036 locorum
1448 1010 1594 1036 ordinariis
1612 1011 1791 1036 nihilominus
1809 1011 1994 1044 iniungentes,
2009 1016 2037 1037 ut

1106 1053 1155 1070 eos
1178 1045 1213 1070 ad
1235 1045 1298 1076 hoc,
1316 1053 1402 1078 quum
1424 1044 1543 1078 primum
1566 1045 1713 1070 commode
1735 1049 1874 1078 poterunt,
1892 1045 2039 1078 diligenter

1106 1087 1229 1111 monere,
1243 1084 1281 1110 et,
1295 1079 1317 1104 si
1335 1087 1452 1105 necesse
1469 1078 1560 1111 suerit,
1579 1079 1768 1105 ecclesiastica
1785 1088 1901 1105 censura
1919 1081 2039 1114 compel=

1106 1114 1163 1139 lere
1176 1121 1232 1139 non
1246 1113 1382 1139 omittant.

1515 1174 1588 1194 CAP.
1603 1175 1631 1193 11.

1106 1209 1195 1232 Repetit
1209 1208 1330 1227 concilium
1344 1208 1448 1232 generale
1464 1208 1490 1227 de
1505 1209 1660 1232 quaestoribus
1675 1215 1720 1227 non
1740 1209 1884 1228 admittendis
1903 1210 1951 1228 sine
1969 1210 2041 1229 literis

1105 1234 1233 1258 apostolicis
1243 1234 1279 1253 vel
1289 1235 1480 1255 dioecesanorum.
1495 1237 1517 1253 et
1527 1234 1596 1257 addit,
1613 1240 1652 1258 per
1662 1235 1807 1254 dioecesanos
1821 1235 1897 1254 literas
1907 1236 2040 1258 apostolicas

1105 1261 1166 1284 prins
1181 1260 1311 1279 examinari.
1344 1260 1372 1279 H.
1387 1260 1408 1278 d.
1418 1260 1496 1278 Ioann.
1507 1260 1577 1278 Andr.
1596 1271 1620 1274 —
1639 1262 1657 1282 ξ.
1673 1263 1690 1279 1.
1710 1261 1776 1279 Ponit
1790 1262 1840 1279 octo
1855 1261 2042 1284 reprehensibiles

1106 1291 1170 1305 casus
1187 1287 1342 1309 quaestorum,
1361 1291 1416 1309 quos
1435 1286 1483 1305 tieri
1501 1286 1615 1310 prohihet,
1639 1288 1661 1305 et
1679 1287 1792 1305 contraria
1809 1287 1926 1310 privilegia
1945 1290 2039 1307 revocat.

1106 1312 1183 1331 Ioaun.
1193 1311 1264 1331 Andr.
1276 1321 1298 1324 —
1309 1314 1327 1333 ξ.
1338 1313 1356 1330 2.
1368 1312 1514 1335 Deliquentes
1523 1314 1652 1335 quaestores
1667 1318 1706 1336 per
1716 1313 1831 1336 episcopos
1840 1313 1915 1335 puniri
1925 1313 2040 1338 praeripit,

1275 1343 1321 1356 non
1332 1338 1473 1357 obstantibus
1483 1338 1614 1362 privilegiis.
1642 1338 1670 1357 Π.
1680 1338 1701 1357 d.
1711 1338 1790 1358 Ioauu.
1803 1338 1872 1358 Andr.

1512 1388 1629 1414 1dem1.

1172 1430 1372 1462 Abusionibus,
1386 1439 1455 1464 quas
1472 1431 1596 1456 nonnulli
1614 1431 1855 1464 eleemosynarum
1873 1436 2037 1465 quaestores

1104 1465 1131 1490 in
1145 1465 1202 1490 suis
1216 1469 1375 1499 proponunt
1388 1465 1651 1498 praedicationibus,
1663 1470 1692 1491 ut
1705 1465 1845 1499 simplices
1857 1465 1996 1500 decipiant
2010 1472 2038 1493 et

1105 1508 1203 1525 aurum
1221 1499 1314 1525 subtili
1331 1499 1376 1525 vel
1393 1499 1483 1525 fallaci
1500 1500 1592 1533 potius
1611 1500 1722 1533 ingenio
1737 1504 1921 1533 extorqueant
1934 1501 1969 1526 ab
1983 1501 2036 1527 eis-

1105 1534 1178 1566 dem,
1197 1542 1283 1567 quum
1301 1534 1328 1559 in
1345 1534 1499 1559 animarum
1516 1534 1632 1560 cedatz’*
1655 1534 1809 1568 periculum
1826 1539 1853 1560 et
1876 1535 2037 1561 scandalum

1105 1569 1295 1602 plurimorum,
1316 1568 1398 1600 viam,
1417 1573 1499 1602 prout
1521 1572 1564 1594 est
1586 1569 1666 1594 nobis
1690 1568 1834 1602 possibile,
1856 1569 2037 1602 praecludere

1105 1603 1258 1636 cupientes,
1276 1603 1351 1628 iuxta
1369 1602 1506 1628 statutam
1521 1603 1630 1628 concilii
1647 1603 1785 1636 generalis
1800 1603 1927 1628 duximus
1945 1604 2038 1637 prohi-

1104 1637 1228 1662 bendum
1245 1637 1379 1668 districte,
1394 1645 1428 1662 ne
1447 1642 1612 1670 quaestores
1629 1637 1724 1670 aliqui,
1741 1637 1793 1662 nisi
1812 1638 1980 1670 apostolicas
1993 1639 2038 1664 vel

1104 1671 1264 1697 dioecesani
1286 1671 1411 1705 episcopi
1432 1671 1528 1696 literas
1551 1672 1734 1703 exhibuerint,
1755 1672 1967 1705 quomodolibet
1988 1673 2036 1698 ad-

1104 1705 1256 1737 mittantur,
1269 1713 1321 1731 nec
1334 1705 1538 1739 permittantur,
1552 1714 1638 1739 quum
1655 1706 1745 1731 solum
1762 1706 1830 1739 ipsis
1844 1710 1985 1740 competat
1998 1707 2038 1732 in-

1105 1740 1262 1772 dulgentias
1287 1740 1340 1765 sibi
1365 1748 1513 1765 concessas
1538 1740 1678 1766 insinuare
1702 1740 1817 1773 populo,
1842 1745 1870 1766 et
1895 1741 2038 1766 caritativa

1104 1774 1246 1808 postulare
1276 1773 1401 1799 subsidia
1431 1774 1593 1808 suppliciter
1620 1775 1655 1800 ab
1685 1774 1797 1805 eodem,
1822 1775 1958 1800 ullatenus
1983 1775 2037 1808 ipsi

1104 1808 1208 1842 populo
1223 1808 1395 1841 praedicare,
1408 1817 1460 1834 nec
1473 1808 1547 1834 aliud
1561 1817 1710 1842 exponere,
1724 1817 1807 1842 quam
1821 1809 1897 1842 quod
1910 1809 1937 1834 in
1950 1810 2037 1835 literis

1104 1843 1290 1868 continebitur
1303 1851 1387 1876 supra
1400 1842 1488 1868 dictis.
1524 1843 1631 1868 Literas
1649 1851 1763 1876 quoque
1780 1843 1947 1876 apostolicas
1961 1843 2036 1870 dioe-

1104 1877 1197 1903 cesani
1212 1877 1346 1910 episcopi,
1356 1885 1392 1902 ne
1406 1877 1473 1910 quid
1487 1877 1590 1902 fraudis
1605 1877 1740 1903 committi
1750 1877 1840 1903 valeat
1852 1886 1902 1911 per
1912 1878 2036 1910 easdem,

1103 1916 1255 1945 antequam
1271 1911 1428 1942 admittant,
1447 1916 1611 1944 quaestores
1630 1912 1705 1945 ipsos
1724 1912 1863 1937 examinet
1880 1912 2037 1945 diligenter.

1103 1945 1124 1979 ξ.
1142 1954 1163 1971 1.
1185 1946 1230 1971 Ad
1243 1946 1329 1971 haec4
1342 1954 1427 1978 quum
1438 1945 1523 1978 aliqui
1535 1954 1568 1971 ex
1581 1945 1740 1971 huiusmodi
1752 1947 1956 1979 quaestoribus,
1967 1947 2037 1972 sicut

1104 1980 1140 2005 ad
1154 1985 1278 2005 nostram
1292 1979 1461 2005 audientiam
1475 1984 1517 2005 est
1532 1980 1678 2012 perlatum,
1688 1988 1744 2005 non
1754 1980 1814 2005 sine
1827 1981 1914 2006 multa
1927 1981 2037 2006 temeri-

1104 2014 1167 2039 tatis
1181 2014 1297 2039 audacia
1310 2018 1337 2039 et
1351 2013 1518 2047 deceptione
1528 2014 1672 2047 multiplici
1683 2014 1836 2039 animarum
1848 2015 2036 2047 indulgentias

1104 2048 1208 2081 populo
1226 2053 1303 2073 motu
1325 2056 1375 2072 suo
1398 2048 1511 2081 proprio
1533 2047 1568 2073 de
1590 2048 1663 2073 sacto
1681 2047 1845 2079 concedant,
1863 2057 1948 2082 super
1964 2049 2037 2074 votis

1104 2082 1293 2116 dispensent5,
1307 2090 1323 2107 a
1336 2081 1471 2115 periuriis,
1485 2082 1640 2107 homicidiis
1655 2086 1682 2107 et
1695 2082 1817 2115 peccatis
1832 2082 1891 2107 aliis
1905 2083 1958 2108 sibi
1972 2091 2036 2108 con-

1104 2116 1215 2142 fitentes
1242 2116 1402 2147 absolvant,
1424 2116 1496 2141 male
1520 2116 1614 2141 ablata
1638 2116 1751 2147 incerta,
1777 2115 1842 2141 data
1867 2116 1919 2141 sibi
1943 2117 2036 2150 aliqua

1104 2150 1238 2184 pecuniae
1252 2150 1416 2183 quantitate,
1430 2150 1580 2182 remittant,
1594 2150 1703 2176 tertiam
1721 2154 1767 2175 aut
1785 2155 1912 2184 quartam
1929 2156 2038 2184 partem

1104 2185 1138 2210 de
1157 2184 1334 2218 poenitentiis
1353 2184 1498 2209 iniunctis<j
1521 2184 1654 2216 relaxent,
1672 2185 1778 2210 animas
1801 2190 1856 2210 tres
1877 2185 1922 2210 vel
1945 2186 2036 2218 plures

1104 2224 1250 2252 parentum
1267 2218 1311 2244 vel
1333 2218 1484 2244 amicorum
1502 2218 1620 2250 illorum,
1639 2219 1685 2252 qui
1704 2219 1896 2251 eleemosynas
1914 2219 1953 2245 eis
1971 2228 2036 2245 con-

1104 2253 1204 2284 serunt,
1223 2253 1258 2278 de
1276 2253 1447 2286 purgatorio,
1465 2253 1505 2286 (ut
1522 2257 1649 2278 asserunt
1667 2253 1859 2286 mendaciter,)
1881 2254 2036 2286 extrahant,

1104 2292 1130 2313 et
1152 2287 1188 2312 ad
1210 2287 1312 2320 gaudia
1334 2286 1454 2320 paradisi
1477 2287 1640 2320 perducant,
1658 2287 1883 2313 benefactoribus
1903 2288 2036 2320 locorum,

1105 2330 1223 2355 quorum
1237 2326 1401 2355 quaestores
1414 2321 1559 2353 exsistunt,
1571 2321 1764 2347 remissionem
1775 2322 1928 2355 plenariam
1939 2331 2035 2356 pccca-

1104 2361 1195 2381 torum
1208 2356 1379 2388 indulgeant,
1393 2360 1420 2381 et
1433 2355 1518 2389 aliqui
1533 2364 1566 2381 ex
1580 2356 1647 2389 ipsis
1661 2364 1710 2381 eos
1723 2364 1739 2381 a
1752 2364 1845 2389 poena
1857 2361 1884 2382 et
1897 2356 1928 2381 a7
1944 2357 2034 2390 culpa,

1104 2392 1143 2423 (ut
1154 2398 1250 2415 eorum
1260 2390 1352 2415 verbis
1364 2392 1493 2422 utamur,)
1507 2390 1665 2415 absolvant:
1680 2398 1740 2422 nos,
1751 2391 1854 2416 abusus
1866 2390 2034 2423 huiusmodi,

1104 2433 1153 2458 per
1172 2432 1242 2458 quos
1261 2432 1378 2450 censura
1395 2424 1503 2450 vilescit
1521 2424 1711 2450 ecclesiastiea
1729 2429 1757 2450 ct
1770 2425 1887 2450 clavium
1901 2425 2036 2451 ecclesiae

1103 2459 1253 2484 auctoritas
1274 2458 1415 2484 duciturS*
1433 2459 1459 2483 in
1477 2463 1677 2492 contemptum,
1696 2459 1856 2484 omnimode
1869 2459 1974 2484 aboleri
1987 2468 2035 2485 vo-

1104 2494 1202 2524 lentes,
1216 2501 1249 2518 ea
1266 2501 1317 2526 per
1335 2501 1518 2526 quoscunque
1537 2498 1701 2526 quaestores
1720 2492 1777 2518 fieri
1795 2493 1840 2518 vel
1856 2494 1985 2518 attentari
2000 2494 2036 2519 de

1104 2532 1197 2553 cetero
1216 2527 1367 2552 districtius
1384 2527 1551 2558 inhibemus,
1564 2527 1657 2552 onmia
1674 2531 1702 2552 et
1720 2527 1828 2560 singula
1846 2527 1998 2560 privilegia,
2012 2529 2035 2553 si

1104 2570 1159 2595 qua
1172 2570 1255 2595 super
1267 2561 1429 2595 praemissis
1443 2561 1487 2586 vel
1501 2570 1596 2587 corum
1610 2561 1704 2594 aliquo
1718 2560 1790 2586 sint9
1801 2561 1940 2594 aliquibus
1959 2562 2035 2594 locis,

1103 2596 1247 2621 ordinibus
1260 2595 1304 2621 vel
1317 2595 1444 2629 personis
1457 2601 1636 2628 quaestorum
1654 2595 1812 2620 huiusmodi
1826 2595 2035 2628 quomodocun-

1104 2631 1188 2663 que¹⁰
1209 2638 1351 2662 concessa,
1369 2638 1404 2655 ne
1423 2630 1545 2663 ipsorum
1564 2634 1709 2662 praetextu
1727 2630 1761 2654 sit
1779 2629 1819 2655 eis
1837 2629 1953 2655 materia
1970 2630 2035 2656 talia

1103 2664 1218 2690 ulterius
1243 2664 1450 2698 praesumendi,
1472 2664 1636 2689 auctoritate
1661 2664 1815 2696 apostolica
1840 2668 1974 2696 quantum
1998 2665 2035 2690 ad

1103 2698 1257 2732 praemissa
1270 2698 1381 2732 penitus
1395 2704 1566 2724 revocantes.
1602 2696 1623 2731 ξ.
1639 2705 1661 2723 2.
1687 2698 1856 2730 Quaestores
1870 2703 1973 2730 autem,
1987 2699 2034 2732 qui

1104 2733 1236 2767 deinceps
1259 2733 1286 2758 in
1307 2732 1469 2766 praemissis
1487 2733 1531 2758 vel
1549 2732 1642 2765 aliquo
1662 2732 1892 2765 praemisssorum
1910 2732 2035 2766 delique-

1104 2767 1165 2798 rint,
1191 2767 1236 2793 vel
1261 2766 1330 2792 alias
1352 2767 1436 2793 etiam
1458 2766 1671 2800 quibuscunque
1696 2766 1752 2791 suis
1777 2766 1928 2799 privilegiis
1952 2767 2033 2792 abusi

1104 2801 1214 2834 fuerint,
1237 2801 1276 2827 sic
1297 2810 1347 2836 per
1368 2802 1491 2827 locorum
1514 2800 1662 2834 episcopos
1687 2800 1777 2834 puniri
1798 2800 1935 2833 volumus,
1959 2801 2034 2827 nullo

1105 2922 1132 2946 (3.
1143 2921 1184 2946 13.)
1261 2922 1282 2942 s)
1293 2923 1357 2941 roct.:
1371 2921 1439 2940 dccst:
1452 2921 1512 2940 codd.
1523 2920 1569 2939 coll.

1107 2948 1138 2972 10)
1149 2947 1211 2967 mid..-
1225 2948 1247 2966 in
1258 2948 1406 2967 eontrarium:
1422 2946 1488 2965 Ii'Glm

1156 2974 1209 2993 Tit.
1224 2974 1261 2992 lx.
1290 2974 1351 2997 Cap.
1367 2974 1393 2991 11.
1430 2972 1450 2996 1)
1460 2972 1522 2991 adm:
1537 2973 1559 2991 ln
1574 2972 1664 2991 eodem:
1678 2971 1727 2990 iim

1105 2998 1126 3022 3)
1136 3001 1252 3019 statutum:
1267 2998 1327 3018 codd.
1338 2998 1396 3019 colL:
1406 3009 1429 3012 —
1439 2998 1466 3022 cs.
1477 3003 1494 3016 r.
1506 2998 1536 3016 1-1.
1548 2998 1574 3016 X.
1584 2997 1603 3016 Ιι.
1615 2997 1629 3016 l.
1639 2998 1668 3021 (5,
1678 2997 1719 3021 35.)
1780 2996 1801 3021 4)
1811 2997 1860 3017 add.
1866 3004 1873 3016 .·
1887 3000 1972 3018 autem:
1987 2997 2039 3019 ABG

1367 3024 1388 3047 6)
1398 3023 1458 3042 adda
1473 3024 1594 3047 poenisque
1605 3023 1665 3042 aliis:
1680 3022 1698 3042 B
1741 3022 1762 3045 7)
1772 3028 1795 3042 a:
1809 3023 1878 3049 deest:
1890 3023 1926 3043 AB
1969 3024 1989 3050 S)
2000 3025 2036 3044 de.

1581 3049 1613 3074 10)
1623 3049 1790 3073 quoquomodo:
1804 3049 1852 3068 1]OE

1704 3081 1758 3108 75³⁶

1656 2920 1676 2944 9)
1687 2925 1703 2939 ι’.
1714 2922 1732 2940 1.
1743 2920 1767 2939 dc
1777 2920 1850 2945 sepult.
1861 2921 1883 2940 fn
1893 2921 1947 2941 VIto
1957 2920 1984 2946 (3.
1996 2922 2036 2947 12.)

1796 2971 1817 2995 ⁴2)
1831 2972 1921 2991 cedant:
1936 2972 2037 2992 BCDEFG

1390 3052 1411 3073 u)
1421 3050 1479 3069 sivo:
1494 3049 1529 3069 ‚ill
