2243 3288
199 264 263 290 1027

588 343 604 361 C
611 343 629 361 Α
636 343 660 361 P.
675 343 745 362 xvu.

200 377 252 394 1:01¹.-
263 376 334 393 {icium
350 375 403 394 milii
419 375 523 394 collatum
534 379 585 394 ante
595 377 719 395 dissensum
731 382 803 395 meum
814 376 878 395 alteri
889 377 985 396 conferri
996 382 1040 396 non
1052 379 1130 401 potest,

199 402 240 419 uisi
252 403 359 419 terminu<
371 402 424 419 milii
435 402 499 420 dutus
508 402 536 420 ad
547 402 731 420 cousvutiemlum
743 405 801 421 esset
811 403 933 426 elapsus&
943 405 995 421 tune
1006 403 1072 422 etium
1083 406 1131 427 post

219 427 345 446 terminum.
357 431 474 451 autc-qutun
485 428 549 446 alteri
561 428 694 449 conteratur,
706 430 783 452 potero
794 429 929 447 consentire.
956 429 1034 448 10111111.
1044 429 1113 448 Αι1(11·.

613 473 712 500 Idem.

267 515 294 540 Si
317 515 365 540 tibi
387 516 496 542 absenti
518 524 569 550 per
591 522 668 542 tuum
690 517 854 550 episcopum
870 517 1030 543 conferatur
1046 517 1130 543 bene·

200 548 300 581 ticiuui,
318 550 381 575 licet
398 558 448 584 per
465 551 643 577 collationem
662 551 832 583 huiusmodi,
855 551 945 577 donec
962 560 1025 577 eam
1042 556 1130 578 ratam

199 584 339 613 habueris,
358 584 398 609 ius
413 585 439 609 in
453 585 514 618 ipso
528 585 675 617 beneficio,
694 590 723 610 ut
740 590 818 611 tuum
833 585 885 611 dici
899 586 1000 618 valeat,
1017 594 1073 611 non
1086 594 1129 612 ac-

199 618 304 650 quiras:
328 619 388 652 ipse
407 623 500 644 tamen
518 621 668 658 episcopus
690 620 734 646 vel
756 620 914 653 quicunque
931 620 1001 645 alius
1019 620 1055 646 de
1067 620 1129 654 ipso

196 652 342 683 beneficio,
356 653 407 678 nisi
421 659 578 680 consentire
591 662 714 686 recuses,
727 654 754 679 in
767 662 916 688 personam
929 655 1043 680 alterius
1057 655 1130 680 ordi—

197 695 263 712 nare
277 687 412 720 nequibit.
438 689 544 721 Quodsi
559 688 664 721 fecerit,
678 689 738 714 eius
751 688 897 720 ordinati0,
911 688 983 714 facta
996 689 1032 714 de
1045 689 1129 715 bene-

197 720 258 745 ficio
277 730 332 746 non
350 722 448 754 libero,
469 722 573 748 viribus
596 731 651 748 non
673 723 816 749 subsistet.
852 723 909 749 Sed
928 724 950 748 si
968 723 1129 757 episcopus,

196 755 337 780 notificata
351 756 399 781 tibi
413 756 570 789 collatione,
588 757 624 783 ad
642 757 874 783 consentiendum
894 758 1041 783 terminum
1055 765 1128 783 com-

197 795 338 822 petentem
351 790 489 823 assignet:
504 791 555 816 nisi
569 793 754 824 consenseris,
768 792 879 825 poterit,
893 800 927 817 eo
941 792 1031 826 lapso,
1044 792 1128 818 bene—

196 823 287 849 ticium
302 825 387 850 libere
399 826 441 850 cui
453 825 552 851 viderit
564 826 696 859 expedire
707 827 843 852 conferre.
864 827 1026 860 Antequam
1037 830 1129 852 tamen

196 858 286 891 ipsum
304 859 459 891 contulerit,
478 865 554 885 tuum
572 861 686 894 poteris,
704 869 760 886 non
777 861 916 893 obstante,
935 861 1011 894 quod
1034 861 1128 894 lapsus

194 893 229 917 sit
243 893 386 925 terminus,
400 899 544 927 praestare
557 896 768 928 consensuinl·,
786 899 814 921 et
831 900 932 921 extunc
946 895 982 921 de
999 895 1061 929 ipso
1074 903 1130 920 non

195 927 297 960 poterit
310 928 391 954 aliter
404 928 532 954 ordinari.

573 990 589 1009 (Ε
597 990 614 1009 Α
622 990 646 1009 I'.
662 990 742 1010 XVIII.

192 1021 235 1044 Qui
254 1022 274 1040 vl
294 1022 328 1041 vel
349 1022 430 1042 iniuste
449 1026 541 1047 occupat
561 1024 682 1043 set-undum
704 1024 836 1043 heneficium
857 1026 964 1049 curatum,
984 1024 1083 1048 privatus
1098 1026 1131 1043 est-

191 1048 270 1071 primo.
299 1049 341 1070 Qui
360 1052 434 1068 :tutem
454 1050 586 1069 heneficium
606 1053 706 1069 curatum
725 1050 815 1074 aliquod
835 1053 940 1074 occupat,
964 1053 997 1069 est
1016 1051 1063 1074 ipso
1083 1051 1131 1069 iure

244 1074 342 1097 privatus
353 1075 408 1097 inre,
420 1076 478 1099 quod
489 1076 512 1094 in
523 1076 561 1094 illo
573 1076 608 1095 vel
619 1076 647 1095 ad
658 1076 712 1095 illud
723 1076 826 1095 habebat.
854 1077 881 1095 11.
893 1077 914 1095 d.
924 1077 1001 1095 loann.
1012 1076 1082 1095 Andr.

614 1121 712 1148 Idem.

260 1163 340 1196 Eum,
359 1164 406 1197 qui
425 1164 601 1196 beneficium,
625 1165 667 1190 cui
689 1165 845 1191 animarum
863 1173 928 1191 cura
946 1165 1080 1198 imminet,
1102 1165 1128 1191 vi

192 1203 319 1231 occupat,
338 1206 387 1224 seu
406 1207 436 1224 se
455 1199 575 1224 scienter
593 1199 694 1225 iniuste
712 1200 824 1225 intrudit
842 1200 868 1225 in
887 1208 930 1232 eo,
953 1200 1128 1226 decernimus

193 1232 255 1265 ipso
270 1233 328 1258 iure
342 1233 401 1258 sore
415 1233 553 1267 privatum
566 1234 714 1266 beneficio,
733 1234 809 1268 quod
823 1242 885 1259 curn
899 1243 964 1260 cura
978 1235 1059 1260 simili
1074 1234 1127 1268 pri-

192 1267 274 1292 mitus
289 1267 444 1293 obtinebat.
480 1268 543 1293 Non
556 1268 631 1293 enim
645 1268 735 1300 decet,
749 1273 779 1294 ut
793 1269 893 1294 stultus
906 1269 1029 1294 melioris
1044 1277 1127 1302 quarn

193 1301 299 1334 peritus
317 1302 484 1327 conditionis
503 1303 627 1334 exsistat,
645 1302 690 1328 vel
708 1303 784 1336 quod
802 1303 914 1328 invasor
927 1311 971 1335 eo,
990 1303 1036 1337 qui
1055 1304 1127 1329 iuste

191 1335 354 1368 ingreditur,
372 1336 518 1369 privilegio
536 1337 658 1369 gaudeat
676 1337 787 1370 potiori.
823 1339 939 1371 Insuper
956 1342 985 1363 ut
1001 1338 1127 1370 violenti,

192 1370 238 1402 qui
263 1370 442 1401 auctoritate,
468 1371 512 1396 vel
536 1371 628 1396 verius
654 1372 824 1404 temeritate,
850 1373 963 1406 propria
988 1380 1126 1406 occupare

191 1403 355 1437 dignitates,
383 1409 550 1438 personatus
576 1410 624 1431 aut
651 1406 704 1431 alia
727 1414 912 1440 quaecunque
937 1406 1126 1432 ecclesiastica

191 1438 327 1464 beneficia
352 1447 407 1464 non
432 1444 571 1472 verentur,
597 1439 649 1466 etsi
674 1449 729 1465 non
753 1440 862 1466 virtutis
887 1449 992 1473 amore,
1017 1449 1126 1474 poenae

192 1473 290 1498 saltem
305 1473 453 1499 formidine
465 1483 482 1498 a
495 1482 563 1499 suae
576 1474 741 1500 temeritatis
758 1475 875 1500 audacia
888 1475 1074 1501 refrenentur:
1092 1483 1126 1501 eo

192 1507 252 1540 ipso
276 1508 330 1539 ius,
353 1508 374 1533 si
398 1508 475 1541 quod
496 1509 523 1533 in
546 1508 742 1541 dignitatibus,
768 1510 965 1543 personatibus
991 1514 1019 1536 et
1041 1510 1126 1536 bene-

190 1541 259 1579 ficiis
273 1542 415 1576 occupatis
429 1542 530 1576 taliter,
547 1544 592 1569 vel
609 1543 646 1568 ad
663 1551 697 1569 ea
714 1543 782 1577 ipsis
800 1543 918 1570 forsitan
936 1544 1126 1578 competebat,

189 1582 327 1602 amittant.

584 1630 600 1649 C
606 1630 625 1649 A
632 1630 656 1649 Ρ.
671 1631 728 1650 XIX.

188 1663 279 1682 Habetis
295 1665 425 1686 potestatem
441 1664 586 1688 apostolicam
601 1670 708 1688 personae
724 1664 818 1684 idoneae
829 1664 856 1684 de
866 1665 975 1684 beneficio
986 1665 1125 1689 providendi,

189 1689 245 1707 alias
261 1690 393 1708 tn-neriviatn
408 1691 546 1709 sufficienter
560 1691 678 1713 providere
692 1696 737 1709 non
752 1692 840 1714 poterit,
852 1692 895 1710 nisi
911 1692 933 1710 in
948 1692 1019 1710 literis
1034 1692 1075 1709 hoe
1091 1697 1126 1710 ex-

187 1715 301 1737 primatur.
313 1717 604 1739 611111161111161111151111111113
614 1717 725 1735 obtinenti
736 1717 870 1740 providebit.
890 1718 914 1736 Si
924 1723 978 1736 vero
989 1718 1126 1741 conceditur,

189 1744 211 1759 nt
227 1741 343 1764 provideat
359 1742 468 1761 beneficia
478 1742 600 1760 obtinenti:
615 1742 642 1760 ad
653 1742 696 1760 duo
711 1744 796 1761 tautum
808 1743 909 1767 refertur,
925 1744 947 1762 et
957 1745 1035 1762 contra
1044 1743 1126 1762 factum

471 1770 504 1787 est
513 1768 607 1786 nullum.
635 1768 662 1786 11.
673 1768 694 1786 d.
705 1769 845 1787 Doniinieus.

608 1809 708 1835 Idem.

257 1851 292 1883 Is,
314 1852 357 1877 cui
375 1851 546 1884 conceditur,
569 1856 598 1878 ut
615 1853 780 1878 auctoritate
797 1853 954 1887 apostolica
972 1854 1062 1888 possit
1079 1854 1125 1879 uni

190 1893 326 1919 personae
344 1886 463 1912 idoneae
482 1887 508 1911 in
526 1895 575 1912 sua
594 1887 638 1912 vel
655 1887 708 1912 alia
722 1888 841 1913 ecclesia
858 1888 1016 1921 providere,
1034 1889 1124 1920 alicui,

188 1920 262 1945 aliud
280 1921 445 1946 beneficium
464 1920 605 1946 sufficiens
621 1921 766 1953 obtinenti,
784 1922 934 1955 providere
950 1931 1006 1948 non
1020 1927 1124 1956 potest,

188 1955 239 1979 nisi
258 1955 347 1988 primo
367 1955 411 1980 ille
429 1955 605 1987 beneficium,
623 1955 700 1988 quod
718 1956 839 1988 obtinet,
863 1957 975 1982 omnino
994 1957 1123 1989 dimittat,

188 1989 232 2014 vel
247 1989 298 2014 nisi
313 1989 339 2014 in
353 1990 534 2015 concessione
549 1990 708 2015 huiusmodi
723 1990 757 2015 sit
771 1998 946 2024 expressum,
965 1991 1041 2024 quod
1055 1992 1123 2017 alias

188 2023 373 2048 beneficiatae
395 2024 486 2050 valeat
508 2024 656 2057 providere
679 2033 826 2058 personae.
862 2026 941 2050 Tunc
966 2025 1039 2051 enim
1061 2034 1123 2059 pro—

187 2057 283 2083 videre
301 2058 404 2091 poterit
422 2058 532 2083 unicum
551 2058 685 2084 duntaxat
703 2059 870 2084 beneficium
888 2059 1034 2092 obtinenti,
1056 2061 1123 2085 dum

189 2096 280 2117 tamen
295 2092 331 2117 illi
346 2100 411 2117 cura
424 2100 478 2117 non
493 2093 635 2118 immineat
647 2093 810 2118 animarum.
836 2094 864 2119 Si
877 2102 944 2119 vero
958 2102 1123 2120 concessum

188 2126 278 2157 fuerit,
302 2132 329 2151 ut
353 2126 500 2160 providere
522 2127 559 2152 illi
582 2127 683 2159 valeat,
705 2129 751 2161 qui
770 2128 824 2153 alia
841 2128 978 2154 beneficia
1000 2130 1124 2154 noscitur

189 2161 327 2186 obtinere:
342 2161 499 2186 huiusmodi
512 2161 653 2194 pluralitas
665 2162 751 2188 debet
764 2163 855 2188 solum
868 2162 903 2188 ad
918 2162 972 2188 duo
987 2163 1124 2189 beneficia

190 2195 249 2220 sine
263 2203 328 2220 cura
342 2196 479 2228 restringi.
509 2196 632 2221 Provisio
647 2205 760 2230 quoque
773 2196 846 2222 facta
859 2202 955 2223 contra
969 2198 1124 2231 praemissa

189 2238 222 2255 eo
237 2229 297 2263 ipso
312 2230 414 2255 viribus
430 2238 484 2255 non
498 2230 676 2256 subsistatl‘.

591 2300 630 2319 CA
638 2300 661 2318 P.
676 2300 723 2318 XX.

187 2334 210 2352 Si
225 2334 273 2357 quis
289 2334 393 2357 imiornns
408 2334 500 2357 recipiat
515 2334 654 2357 lwnetivium,
670 2335 730 2357 prius
745 2337 881 2354 reservatum
896 2335 931 2354 vol
942 2335 1006 2354 alteri
1018 2335 1123 2355 collatum

187 2366 226 2383 per
241 2361 330 2383 Papam.
350 2360 375 2383 si,
395 2366 421 2377 ex
441 2366 483 2383 qur·
503 2361 574 2381 ,si-ivit,
596 2360 650 2378 illn¹l
670 2361 718 2379 sine
738 2361 869 2379 diftirultate
889 2362 988 2385 dimittit,
1009 2364 1125 2386 recuperat

260 2386 334 2409 priora
345 2386 460 2409 benetiria,
471 2388 561 2409 propter
571 2386 625 2404 illud
637 2386 734 2410 dimissa,
746 2386 801 2405 :ilius
813 2393 864 2405 non.
894 2388 969 2406 lnann.
981 2388 1050 2406 Andr.

606 2427 705 2453 Idem.

257 2471 284 2496 Si
303 2470 449 2502 beneficia,
467 2478 539 2503 quae
557 2478 607 2504 per
625 2471 723 2496 sedem
741 2472 926 2504 apostolicam
943 2472 1123 2498 conferuntur

188 2510 234 2530 aut
253 2506 367 2531 decreto
386 2505 551 2538 interposito
570 2511 754 2537 reservantur,
773 2506 911 2532 interdum
931 2507 1072 2541 contingat
1086 2508 1122 2533 ab

188 2540 234 2570 iis,
259 2539 295 2564 ad
321 2548 392 2572 quos
417 2539 485 2564 alias
511 2539 632 2572 pertinet
655 2540 766 2564 collatio
790 2541 957 2573 eorundem,
983 2542 1121 2575 aliquibus

188 2574 347 2599 huiusmodi
366 2574 543 2599 collationem
566 2582 615 2599 seu
637 2574 855 2600 reservationem
874 2575 1067 2608 ignorantibus
1086 2576 1121 2602 de

187 2608 261 2633 facto
275 2608 404 2640 conferri,
417 2614 445 2633 et
457 2608 602 2640 beneficia,
617 2617 689 2641 quae
703 2608 739 2633 illi
751 2609 882 2634 tenebant
893 2615 975 2636 antea
986 2612 1046 2635 etl*
1058 2615 1121 2644 post

188 2643 395 2676 praedictorum
412 2642 593 2680 adeptionem
612 2642 726 2668 dimissa
749 2651 798 2676 per
820 2651 868 2668 eos
891 2645 952 2669 aliis
970 2645 1120 2677 assignari:
1137 2659 1139 2666 ,⁴

187 2685 223 2702 ne
238 2677 299 2702 talis
318 2677 474 2709 ignorantia
492 2677 542 2708 eis,
561 2685 646 2710 quum
660 2677 715 2702 sint
733 2678 792 2703 sine
806 2678 897 2710 culpa,
915 2679 1120 2711 praeiudicialis

187 2712 312 2743 exsistat,
326 2712 482 2743 statuimus,
496 2717 534 2743 ut,
548 2711 570 2736 si
584 2711 645 2745 ipsi,
659 2711 695 2736 de
705 2711 853 2737 collatione
867 2720 915 2737 seu
930 2714 1120 2739 reservatione

188 2746 331 2779 praedicta
349 2751 448 2779 postea
465 2746 597 2771 certiores
619 2745 719 2777 effecti,
742 2746 851 2771 sublata
869 2746 1031 2773 difficultate
1054 2756 1120 2780 qua-

188 2788 298 2813 cunque
313 2780 425 2805 omnino
439 2779 594 2806 dimiserint
607 2780 752 2812 beneficia,
766 2780 804 2805 sic
815 2780 867 2805 sibi
879 2780 914 2806 de
926 2781 999 2806 facto
1010 2781 1120 2814 collata,

187 2814 222 2839 ad
240 2814 375 2840 beneficia
397 2823 447 2839 sua
468 2815 569 2847 priora,
591 2814 739 2839 collatione
757 2814 970 2848 quibuscunque
992 2817 1119 2849 personis

187 2847 261 2873 facta
274 2849 309 2874 de
323 2849 390 2882 ipsis
404 2857 583 2882 nequaquam
597 2849 735 2880 obstante,
749 2848 837 2875 libere
850 2854 1034 2881 revertantur3
1053 2850 1120 2875 alio-

188 2883 253 2915 quin
276 2882 410 2908 redeundi
433 2883 469 2908 ad
491 2892 534 2915 ea,
560 2883 581 2908 si
605 2882 796 2909 difficultatem
818 2883 997 2909 adhibuerint
1016 2884 1041 2909 in
1060 2884 1119 2910 aliis

188 2916 371 2949 dimittendis,
389 2917 423 2942 sit
441 2917 507 2951 ipsis
526 2917 636 2951 penitus
659 2917 807 2944 interdicta
828 2917 954 2943 facultas.
992 2918 1119 2945 Eundem

239 3046 290 3065 Tit.
306 3046 342 3065 lv.
371 3046 432 3070 (3:⁵12.
447 3046 517 3066 XVII.
547 3048 565 3070 1)
576 3052 702 3067 assensum:
716 3046 776 3067 codd.
787 3046 833 3067 coll.

240 3072 300 3095 Cap.
317 3072 373 3091 XIX.
403 3075 421 3095 l)
432 3074 547 3091 subsistet:
563 3073 628 3091 Aulus

240 3098 300 3120 “ap.
315 3098 361 3116 XX.
390 3100 409 3122 1)
421 3101 452 3116 et:
469 3098 536 3117 Aust.-
551 3099 612 3118 L'mld.
623 3098 669 3118 coll.

446 265 553 290 SRXTI
571 264 780 290 DECRETAL.
799 264 865 291 Ltn.
885 266 928 292 111.
947 265 1018 291 TIT.
1038 265 1083 292 IV.
1102 266 1153 292 DE
1171 265 1402 292 PRAEBENDIS
1421 265 1470 291 ET
1487 264 1676 291 DIGNITAT.
1696 272 1719 291 c.
1741 272 1848 298 17—24.

2031 263 2098 290 1028

1166 351 1280 378 quoque
1301 343 1417 369 modum
1438 343 1465 368 in
1483 342 1650 368 dimittendo
1671 346 1784 377 recepta
1800 345 1829 368 et
1845 340 2039 376 recuperando
2057 341 2097 366 di-

1165 379 1251 404 missa
1272 378 1364 411 quoad
1387 385 1484 403 omnes
1507 377 1585 409 alios,
1609 377 1655 410 qui
1672 377 1767 402 forsan
1784 377 1931 402 occasione
1954 375 2098 409 praedicta

1166 421 1216 438 sua
1229 412 1383 438 dimiserint
1395 411 1540 443 beneficia,
1554 416 1582 437 et
1593 411 1708 437 dimissa
1717 419 1767 445 per
1777 411 1845 437 alios
1856 410 1956 436 fuerint
1966 409 2097 442 assecuti,

1166 455 1216 481 per
1228 447 1321 473 omnia
1334 446 1509 473 decernimus
1523 445 1739 472 observandum.

1560 519 1632 539 (JAP.
1647 519 1704 538 XXI.

1165 554 1315 574 'l'acituruitas
1326 554 1437 577 beneficii,
1445 554 1511 573 etiam
1523 553 1612 577 modici,
1623 553 1688 572 vitiat
1697 553 1886 577 dispensationem
1897 558 1962 577 super
1971 552 2099 577 pluralitate

1166 580 1331 601 benoth-iorum.
1351 586 1414 604 qim-J.
1434 581 1500 599 etiam
1516 580 1614 603 legitime
1628 585 1694 603 super
1708 579 1794 597 dnobus
1808 579 1908 603 obtenta,
1927 579 1955 598 ad
1970 579 2013 597 duo
2028 579 2100 602 prima

1165 609 1254 630 rei-epta
1273 607 1374 625 refertur.
1402 607 1456 624 Item
1476 606 1574 629 provisio
1592 605 1660 623 alieni
1680 605 1737 624 sacta
1751 605 1779 623 (le
1793 605 1908 628 beneficio,
1928 610 1974 623 non
1989 604 2099 628 obstante,

1165 633 1222 656 quod
1236 632 1297 651 aliud
1311 633 1397 655 habeat,
1417 632 1608 656 dispensationem
1623 636 1689 654 super
1703 632 1796 654 utroque
1812 631 1929 650 retinendo
1945 636 1990 649 non
2005 630 2099 649 inducit.

1496 658 1522 676 11.
1534 657 1555 676 d.
1566 657 1689 676 secundum
1699 657 1765 675 Zouz.

1582 707 1681 733 Idem.

1232 751 1294 776 Non
1312 755 1406 785 potest
1424 749 1597 785 dispensatio
1615 758 1700 783 super
1741 749 1879 776 luralitate
1899 749 2100 775 beneficiorum

1165 792 1300 811 concessa
1314 786 1473 819 impetranti
1487 785 1633 819 prodesse,
1647 785 1693 817 qui
1707 793 1723 810 a
1736 783 1832 817 iquod,
1851 788 2099 817 quantumcunque

1165 819 1319 851 modicum,
1347 819 1515 846 beneficium
1541 819 1673 844 subticuit
1697 818 1725 844 in
1749 817 1859 844 eadem.
1906 818 1976 843 Illud
2005 822 2100 843 autern

1166 854 1338 886 apostolicae
1360 854 1435 880 sedis
1457 853 1608 886 indultum,
1630 857 1660 878 ut
1683 853 1744 886 quis
1767 853 1822 878 duo
1847 852 1984 878 beneficia
2005 860 2100 878 curam

1165 887 1319 913 animarum
1340 888 1482 920 habentia,
1508 888 1530 913 si
1552 888 1620 913 alias
1643 887 1776 913 canonice
1798 886 1976 912 conferantur
1997 886 2100 919 eidem,

1165 923 1254 956 possit
1267 922 1392 956 recipere
1405 931 1437 948 ac
1450 922 1531 948 simul
1541 922 1615 948 licite
1625 922 1755 953 retinere,
1770 921 1932 954 intelligitur
1941 920 1977 947 de
1988 920 2099 946 duobus

1166 956 1260 990 primis
1277 956 1429 988 beneficiis,
1449 965 1520 990 quae
1538 965 1601 982 cum
1619 964 1685 982 cura
1702 960 1766 990 post
1780 955 1884 981 dictum
1898 955 2036 980 indultum
2049 955 2098 980 ob-

1166 991 1253 1016 tinere
1271 991 1404 1024 contingit
1425 991 1556 1016 eundem.
1596 991 1689 1024 Quum
1710 998 1776 1016 vero
1799 989 1858 1022 tibi,
1879 997 1936 1015 non
1958 989 2098 1021 obstante,

1167 1025 1243 1058 quod
1256 1025 1332 1050 aliud
1344 1025 1510 1051 beneficium
1523 1025 1650 1051 obtinere
1663 1024 1796 1057 noscaris,
1809 1033 1825 1049 a
1838 1023 1907 1049 sede
1920 1023 2099 1057 praedictal*

1166 1059 1202 1084 de
1219 1059 1313 1093 aliquo
1331 1059 1468 1085 beneficio
1486 1059 1626 1093 provideri
1645 1059 1792 1092 contingit:
1815 1067 1866 1092 per
1882 1058 1936 1083 hoc
1949 1061 2098 1096 tecum‚·ut

1165 1093 1285 1127 primum
1302 1093 1469 1119 beneficium
1486 1102 1549 1119 611111
1567 1093 1691 1120 secundo
1708 1094 1829 1119 retinere
1850 1093 1959 1125 valeas,
1980 1100 2037 1118 non
2057 1100 2098 1117 111-

1165 1127 1299 1161 telligitur
1312 1128 1514 1162 dispensatum.
1544 1129 1606 1154 Hoc
1619 1128 1694 1154 enirn
1707 1128 1799 1153 solum
1811 1126 1956 1161 praedicta
1968 1130 2100 1161 operatur

1164 1162 1317 1196 expressio,
1332 1162 1408 1196 quod
1421 1162 1495 1188 facta
1504 1163 1555 1188 tibi
1565 1163 1655 1196 gratia
1664 1166 1787 1196 nequeat
1797 1161 1964 1195 subreptitia
1972 1160 2099 1187 iudicari.

1556 1236 1628 1256 CAP.
1642 1236 1712 1256 XXII.

1164 1270 1292 1290 Mandatum
1314 1270 1383 1295 legati
1405 1275 1471 1294 super
1495 1270 1597 1290 facienda
1614 1271 1754 1294 provisione,
1777 1275 1817 1294 per
1834 1270 1918 1294 Papam
1937 1269 2098 1294 confirmatum,

1404 1297 1489 1320 papalis
1499 1297 1571 1321 gratia
1580 1298 1613 1316 est
1623 1296 1742 1316 censenda.
1769 1296 1858 1316 Zeuzel.

1579 1346 1680 1373 Idem.

1231 1389 1258 1415 Si
1272 1390 1444 1424 apostolicae
1458 1390 1533 1416 sedis
1546 1390 1666 1424 legatus,
1683 1389 1781 1415 volens
1799 1389 1849 1415 tibi
1867 1398 1935 1416 suae
1947 1389 2096 1424 legationis

1162 1425 1328 1450 auctoritate
1342 1424 1368 1450 in
1382 1429 1458 1450 certa
1470 1425 1589 1451 ecclesia
1602 1423 1761 1458 providere,
1775 1424 1970 1450 canonicatum
1980 1429 2008 1451 et
2017 1432 2097 1458 prae-

1162 1458 1285 1484 bendam
1302 1459 1369 1484 nulli
1387 1459 1432 1484 alii
1451 1459 1486 1485 de
1504 1459 1563 1485 iure
1582 1459 1702 1490 debitos,
1721 1459 1847 1493 proximo
1865 1459 1892 1484 in
1905 1459 1967 1493 ipsa
1978 1459 2097 1485 66616513

1162 1497 1318 1525 vacaturos,
1336 1493 1476 1519 collationi
1495 1502 1562 1519 suae
1578 1498 1713 1525 reservet,
1736 1497 1764 1519 et
1786 1493 1919 1519 decernat
1940 1494 2047 1519 irritum
2068 1497 2098 1519 et

1163 1528 1252 1559 inane,
1267 1527 1289 1553 si
1303 1535 1384 1553 secus
1398 1536 1482 1562 super
1494 1528 1548 1553 hoc
1561 1527 1708 1561 contigerit
1721 1527 1861 1560 attentari,
1879 1527 1971 1560 certis,
1986 1528 2032 1562 qui
2047 1536 2096 1554 eos

1162 1562 1211 1587 tibi
1225 1562 1377 1594 conserant,
1389 1570 1474 1596 quum
1484 1562 1632 1594 vacabunt,
1645 1562 1856 1588 exsecutoribus
1867 1570 1918 1595 per
1928 1570 1992 1588 suas
2002 1562 2097 1588 literas

1162 1596 1318 1630 deputatis;
1340 1605 1450 1630 nosque
1467 1596 1658 1630 postmodum,
1680 1596 1763 1630 plena
1785 1596 1836 1622 del
1854 1596 1897 1622 his
1915 1596 1989 1622 facta
2005 1605 2098 1622 narra-

1162 1630 1247 1663 tione,
1265 1631 1341 1664 quod
1359 1631 1394 1656 ab
1412 1631 1474 1665 ipso
1492 1631 1586 1665 legato
1600 1631 1705 1656 factum
1722 1630 1827 1656 exstitit
1843 1635 1934 1656 ratum
1947 1635 1975 1657 et
1988 1635 2098 1664 gratum

1162 1665 1309 1697 habentes,
1323 1665 1350 1690 id
1363 1665 1528 1691 auctoritate
1541 1665 1696 1700 apostolica
1709 1665 1913 1698 confirmamus,
1931 1665 1976 1691 et2
1989 1665 2098 1691 eisdem

1163 1699 1374 1725 exsecutoribus
1392 1700 1437 1725 vel
1455 1700 1515 1726 aliis
1533 1700 1636 1725 nostris
1650 1699 1749 1725 damus
1767 1699 1853 1725 literis
1867 1700 1894 1724 in
1907 1699 2054 1732 mandatis,
2068 1704 2098 1725 ut

1162 1734 1189 1759 in
1214 1734 1373 1759 huiusmodi
1396 1734 1564 1768 provisionis
1589 1733 1704 1767 negotio
1730 1734 1896 1760 auctoritate
1917 1738 2013 1759 nostra
2034 1742 2098 1768 pro-

1147 1768 1264 1798 ,cedant
1286 1769 1361 1794 iuxta
1382 1768 1468 1807 ipsius
1490 1768 1575 1802 legati
1594 1769 1794 1794 continentiam
1815 1768 1969 1794 literarum:
1991 1773 2098 1794 certum

1162 1807 1214 1835 est,
1226 1802 1311 1836 quod,
1322 1811 1408 1836 quum
1418 1811 1479 1836 ipsa
1489 1803 1612 1837 provisio
1623 1803 1710 1836 ipsius
1721 1802 1840 1836 legatiss*
1853 1806 1918 1836 post
1928 1803 2098 1837 impertitam

1161 1846 1178 1862 a
1190 1837 1272 1862 nobis
1285 1837 1481 1863 auctoritatem
1494 1842 1590 1862 nostra
1603 1841 1750 1863 censeatur
1764 1837 1872 1869 effecta,
1886 1837 2024 1869 omnibus,
2038 1838 2097 1871 qui-

1161 1872 1213 1896 bus
1227 1876 1326 1905 postea
1338 1871 1533 1897 mandavimus
1547 1872 1573 1897 in
1587 1871 1688 1897 eadem
1699 1871 1817 1897 ecclesia
1827 1871 1976 1905 provideri,
1987 1871 2097 1897 etiamsi

1161 1906 1356 1931 canonicatum
1378 1906 1464 1939 ipsius
1487 1905 1624 1931 ecclesiae
1646 1905 1805 1931 duxerimus
1827 1905 2027 1931 conferendum
2044 1906 2096 1932 eis-

1161 1940 1234 1972 dem,
1257 1940 1293 1965 de
1315 1940 1374 1965 iure
1396 1940 1530 1974 praeferri
1554 1939 1672 1966 debebis
1690 1940 1717 1965 in
1735 1940 1898 1974 praebenda
1914 1940 2097 1974 postmodum

1160 1974 1227 2000 inibi
1240 1978 1381 2000 vacatura.

1547 2031 1564 2051 C
1570 2031 1589 2050 Α
1595 2031 1620 2050 Ρ.
1635 2031 1716 2050 xxm.

1159 2065 1237 2084 Obstat
1247 2065 1387 2084 taritnrnitas
1398 2065 1483 2085 obtenti
1494 2066 1604 2089 beneficii,
1620 2066 1673 2085 licet
1683 2065 1774 2089 modici,
1789 2065 1833 2084 nisi
1843 2066 1936 2090 constet,
1946 2066 2096 2090 provisionem

1159 2091 1239 2111 saetam
1258 2093 1348 2116 proprio
1367 2094 1428 2111 motu
1446 2092 1531 2115 Papae,
1554 2092 1590 2115 qui
1611 2092 1700 2111 demum
1724 2092 1868 2116 intelligitur,
1892 2092 1910 2111 si
1929 2093 1972 2111 1106
1990 2093 2014 2112 in
2031 2093 2098 2112 litera

1474 2118 1616 2142 exprimatur.
1644 2118 1672 2136 11.
1683 2118 1704 2136 d.
1714 2118 1780 2136 Zenz.

1578 2168 1679 2194 Idem.

1227 2210 1255 2236 Si
1277 2214 1353 2236 motu
1376 2211 1489 2245 proprio
1511 2211 1601 2243 alicui,
1623 2210 1738 2245 aliquod
1758 2211 1926 2237 beneficium
1948 2211 2095 2245 obtinenti,

1159 2244 1335 2270 conferamus
1349 2245 1433 2277 aliud,
1447 2245 1482 2271 de
1496 2245 1542 2271 illo
1556 2254 1611 2271 non
1624 2246 1720 2271 habita
1737 2246 1890 2272 mentione:
1913 2254 1969 2272 non
1986 2247 2022 2272 ob
2040 2246 2094 2272 hoc

1159 2279 1277 2312 gratiam
1295 2280 1464 2311 huiusmodi,
1487 2288 1558 2313 quae
1577 2280 1612 2305 de
1634 2284 1730 2306 nostra
1751 2288 1829 2306 mera
1846 2281 2013 2306 liberalitate
2030 2289 2093 2315 pro-

1160 2313 1253 2346 cessit,
1267 2314 1417 2339 invalidam
1430 2314 1558 2340 volumus
1573 2315 1703 2348 reputari.
1734 2315 1830 2347 Secus,
1843 2315 1866 2340 si
1879 2315 1916 2340 ad
1928 2315 2095 2349 petitionem

1160 2348 1240 2380 illius,
1263 2348 1307 2374 vel
1329 2349 1442 2374 alterius
1464 2357 1514 2382 pro
1537 2349 1639 2374 eodem
1657 2349 1781 2374 oblatam
1799 2349 1917 2382 gratiam
1934 2349 2094 2375 huiusmodi

1159 2382 1303 2408 faciamus.
1325 2383 1404 2408 Tunc
1417 2383 1500 2415 enim,
1515 2388 1760 2417 quantumcunque
1774 2383 1915 2409 modicum
1927 2383 2095 2409 beneficium

1159 2421 1284 2442 taceatur
1297 2417 1323 2442 in
1338 2425 1380 2449 ea,
1398 2418 1487 2450 ipsam
1505 2418 1589 2443 veluti
1604 2417 1800 2451 subreptitiam
1818 2418 1890 2444 vires
1904 2418 2032 2443 nolumus
2046 2418 2094 2444 ob-

1158 2451 1255 2477 tinere.
1291 2452 1370 2476 Motu
1390 2460 1502 2485 quoque
1520 2452 1632 2485 proprio
1651 2456 1716 2477 tunc
1734 2452 1825 2478 solum
1842 2452 1932 2486 gratia
1949 2452 2007 2478 fieri
2030 2460 2094 2478 cens

1158 2490 1260 2518 seatur,
1274 2494 1359 2519 quum
1372 2486 1425 2511 hoc
1438 2494 1571 2520 expresse
1584 2490 1697 2512 cautum
1710 2486 1792 2512 fuerit
1805 2487 1832 2512 in
1846 2486 1955 2512 eadem.

1545 2560 1585 2579 CA
1593 2560 1617 2578 P,
1633 2560 1712 2580 xxiv.

1156 2594 1259 2617 Collati-i,
1275 2594 1333 2613 fat-tn.
1346 2595 1406 2613 motu
1421 2595 1511 2617 proprio
1526 2594 1606 2619 Papae,
1625 2595 1724 2617 pluribus
1739 2594 1854 2613 beneficiis
1868 2595 1891 2613 in
1907 2594 1985 2614 eadem
1999 2593 2094 2614 ecelesia

1156 2621 1287 2639 vat-autibus
1305 2620 1378 2643 simul,
1399 2620 1531 2643 intelligitur
1550 2621 1608 2639 facta
1626 2621 1654 2639 de
1672 2621 1796 2643 pinguiori,
1815 2621 1861 2643 sed,
1881 2621 1899 2639 111
1919 2620 2028 2640 beneficia
2041 2623 2093 2639 sunt

1156 2647 1264 2670 aequalia,
1283 2646 1310 2664 ad
1326 2652 1375 2665 euin
1391 2648 1475 2669 spectat
1490 2646 1577 2669 ele->tio⁷
1594 2647 1628 2664 (zui
1644 2647 1716 2669 gratia.
1730 2647 1763 2664 est
1778 2651 1890 2665 concessa.
1919 2646 2015 2665 Collatio
2030 2651 2090 2669 vero,

1157 2673 1215 2690 faeta
1233 2672 1260 2690 ad
1279 2672 1409 2695 petitionem
1430 2671 1530 2695 alterius,
1549 2672 1576 2690 ad
1592 2672 1665 2690 minus
1685 2672 1818 2690 benetirium
1835 2672 1982 2695 restringitur.
2009 2671 2032 2690 Si
2048 2672 2093 2690 sint

1155 2698 1265 2721 aequalia,
1284 2698 1346 2721 eligit
1360 2697 1397 2720 qui
1412 2697 1467 2716 alias
1478 2697 1613 2716 murm-ebat.
1641 2698 1690 2720 Quo
1705 2698 1832 2721 negligente
1846 2697 1902 2717 alius
1912 2697 1980 2721 eligit,
1992 2698 2014 2716 et
2024 2697 2092 2716 etiam

1406 2726 1490 2742 contra.
1519 2724 1566 2742 Hoc
1577 2723 1631 2742 ‹licit
1641 2723 1763 2742 secundum
1773 2723 1839 2742 Zeuz.

1576 2773 1675 2799 Idem.

1225 2816 1262 2848 Si,
1281 2816 1406 2850 pluribus
1425 2816 1506 2841 simul
1524 2816 1551 2841 in
1568 2816 1661 2849 aliqua
1681 2816 1800 2842 ecclesia
1820 2815 1983 2841 vacantibus
2001 2815 2089 2849 digni-

1157 2850 1260 2876 tatibus
1278 2851 1321 2876 vel
1340 2850 1518 2884 praebendis,
1536 2858 1587 2876 nos
1606 2851 1641 2876 de
1658 2851 1710 2876 hac
1727 2850 1872 2876 vacatione
1889 2849 1986 2875 incerti
2000 2849 2090 2883 digni-

1156 2889 1243 2911 tatem
1264 2885 1309 2910 vel
1330 2884 1529 2918 praebendam,
1552 2885 1575 2910 si
1597 2893 1653 2918 qua
1673 2885 1739 2910 nulli
1757 2884 1802 2910 alii
1821 2884 1856 2909 de
1874 2884 1932 2909 iure
1950 2883 2045 2910 debita
2063 2885 2091 2910 in

1158 2920 1219 2953 ipsa
1232 2924 1312 2945 vacat
1325 2919 1451 2952 ecclesia,
1464 2919 1594 2952 cuiquam
1607 2920 1635 2944 in
1648 2926 1752 2952 genere
1764 2917 1952 2944 conferamus:
1971 2919 2090 2951 gratiam

1210 3049 1270 3072 Cap.
1285 3048 1343 3067 XXI.
1372 3049 1391 3072 1)
1402 3048 1511 3073 praefata:
1526 3045 1622 3070 ABCDF,·
1635 3045 1769 3077 apostolicag
1785 3043 1801 3063 G

1159 3076 1276 3119 ‹QMPZJl’L
1285 3074 1355 3093 XXII.
1395 3075 1415 3098 ι)
1425 3079 1502 3098 super:
1517 3073 1549 3092 Ac
1623 3072 1644 3096 2)
1654 3071 1702 3091 vel:
1715 3070 1766 3090 ABli

1844 3071 1864 3095 3)
1875 3072 1943 3096 ipsius
1953 3072 2007 3098 lega:
2022 3073 2090 3094 deest:
