2243 3288
184 266 244 290 1211
423 263 636 289 lCX'I‘KAX'Atj.
657 263 780 287 IOANN.
800 261 885 288 XXII.
904 263 974 288 '1'1'13
995 263 1028 288 V.
1048 263 1093 288 vt.
1112 263 1163 289 DE
1182 264 1284 290 VOTO
1303 263 1352 289 ET
1370 263 1458 289 VOTI
1476 262 1730 290 REDEMTtONE.
1749 272 1772 290 c.
1792 273 1838 290 uu.
2014 262 2080 290 1212

183 346 340 378 sumptores
366 340 434 365 tales
456 339 540 371 dign-a
563 338 720 363 curabimus
742 339 984 365 animadversione
1005 340 1112 373 punire.

183 376 254 400 Nulli
277 380 328 400 etc.
353 379 508 398 nostrorum
531 373 673 406 praecepti
696 378 723 398 ct
745 373 869 398 mandati
892 373 1041 407 infringere
1059 379 1111 400 etc.

182 410 283 435 Datum
297 408 433 433 :tx-inionc
446 407 480 432 Υ.
494 407 554 432 Kal.
568 407 697 432 Octobris
711 408 762 432 Ao.
777 407 810 433 V.
825 406 924 442 [132o.]

500 486 723 515 TITULUS
750 487 786 514 V.

209 545 260 569 Nli
280 544 387 569 stim?
407 543 609 569 VACANTE
627 544 804 577 ALIQUID
825 544 1083 571 INNOVETUR.

585 615 601 631 (¹
608 614 625 632 A
632 614 656 632 l·.
673 614 689 632 1.
698 613 703 626 ¹

179 649 277 666 Vacante
292 647 344 665 >1:210
359 647 476 670 imperiali,
492 653 558 670 quum
575 647 698 666 iurisdictio
710 648 736 666 :ui
748 648 830 670 Papam
841 647 978 668 devolvatur.
990 648 1030 666 sul)
1041 653 1113 671 potina.

178 673 416 691 =·x«·‹»1iiiiiiiiiicatiunis
428 673 462 691 lm·
474 673 610 696 prohibt-tur,
622 673 680 697 quod
692 674 764 692 nullus
776 676 827 691 tune
838 679 918 692 numen
930 674 1007 692 vicarii
1019 674 1111 697 impera-

179 700 232 717 turis
243 698 277 716 vvl
288 699 378 717 aum-ius
386 699 609 722 cuiusemnnw‹ism-ii
622 699 825 720 retineanassiiinat
836 699 871 717 vel
883 702 986 723 resumat,
994 699 1112 723 nullusque

178 725 197 742 =>i
213 724 301 742 obediat
317 724 351 742 vel
367 724 474 742 auxilium
490 725 605 747 praebeat:
624 725 679 743 alias
699 725 901 743 excoluniunicatio
921 726 943 743 in
958 730 1070 748 personas,
1091 728 1112 743 et

177 750 319 768 interdictum
335 751 357 768 iu
372 753 449 770 terras.
466 750 508 768 uisi
520 751 578 768 intra
589 750 643 768 duos
655 756 740 769 munst-s
753 751 891 774 resipuerint,
907 751 1024 774 profertur.
1053 752 1110 770 Tau-

288 776 338 794 dem
349 775 427 794 modus
438 776 503 794 huius
513 781 628 799 processus
638 776 766 799 publicandi
777 777 916 800 exprimitur.
945 777 973 796 11.
983 777 1004 795 d.

244 818 272 842 Si
297 817 411 842 fratrum
437 822 464 843 et
491 818 722 851 coepiscoporum
747 822 914 849 nostrornm,
940 823 966 844 et
993 819 1110 844 aliorum

178 852 365 885 quorumlibet
385 852 442 877 iura
460 852 565 877 illibata
582 852 685 877 servari
704 857 731 877 ct
749 853 784 877 ab
800 852 873 877 omni
889 852 947 878 fore
962 852 1109 886 dispendio

177 886 366 911 diminutionis
384 891 515 911 extranea
533 887 668 919 cupimus,
682 892 709 912 et
727 886 761 911 ad
781 886 849 911 illud
867 887 985 912 libenter
999 891 1110 912 nostrae

176 920 370 945 sollicitudinis
382 920 503 945 studium
514 921 692 946 adhibemus:
707 921 794 946 multo
806 921 904 946 fortius
915 921 1046 954 equidem
1060 930 1110 955 pro

177 955 278 979 nostris
301 959 328 980 ct
350 955 493 980 Romanae
518 955 653 980 ecclesiae
678 963 800 988 sponsae
821 960 933 981 nostrae
956 955 1060 981 iuribus
1083 959 1110 981 et

176 989 329 1014 honoribus
343 989 541 1014 conservandis
555 998 587 1014 cx
608 989 728 1014 iniuncto
742 989 823 1014 nobis
837 989 919 1014 officii
934 989 1029 1015 debito
1043 998 1109 1023 apo-

177 1023 292 1049 stolicae
310 1023 475 1056 provisionis
494 1028 588 1056 partes
607 1027 733 1049 tenemur
755 1023 927 1057 impendere,
946 1032 980 1049 ue
1003 1028 1109 1057 tempo—

176 1058 252 1082 ribus
265 1057 367 1082 nostris
382 1057 568 1090 usurpationis
580 1057 704 1083 iniuriam
716 1058 843 1089 subeant,
854 1063 900 1083 aut
912 1058 1109 1084 detrimentum

176 1091 296 1117 cuiusvis
310 1091 499 1124 derogationis
514 1092 661 1117 incurrant.
686 1093 768 1122 Sane,
779 1092 805 1117 in
819 1096 943 1117 nostram
953 1097 981 1118 et
995 1092 1109 1118 fratrum

176 1132 334 1151 nostrorum
357 1126 508 1151 deductum
530 1131 572 1152 est
598 1126 671 1151 fama
692 1126 853 1159 divulgante
876 1126 1011 1158 notitiam,
1034 1126 1109 1160 quod

176 1161 240 1185 licet
258 1160 294 1185 de
312 1160 370 1185 iure
388 1160 423 1185 sit
441 1160 586 1193 liquidum,
599 1166 627 1185 et
645 1161 680 1186 ab
696 1161 761 1186 olim
780 1160 861 1186 fucrit
875 1160 1040 1186 inconcusse
1054 1169 1109 1186 ser—

178 1199 281 1225 vatum,
304 1194 380 1227 quod
402 1199 518 1219 vacante
540 1195 666 1228 imperio,
688 1195 757 1220 sicut
780 1200 807 1220 et
832 1203 904 1220 nunc
929 1203 979 1228 per
1003 1195 1109 1221 obitum

178 1228 320 1262 quondam
339 1229 449 1254 Henrici
471 1229 658 1254 Romanorum
676 1229 853 1262 Imperatoris
876 1238 990 1254 vacasse
1013 1229 1108 1262 digno-

178 1263 271 1294 scitur,
286 1271 371 1296 quum
390 1263 416 1288 in
434 1263 480 1287 illo
493 1263 529 1288 ad
548 1263 718 1289 saecularem
737 1263 856 1289 iudicem
874 1268 995 1297 nequeat
1013 1264 1109 1289 haberi

175 1305 312 1328 recursus,
326 1297 361 1322 ad
375 1305 514 1322 summum
528 1297 697 1328 Pontificem,
711 1297 754 1323 cui
773 1298 799 1322 in
815 1298 935 1323 Persona
948 1298 1022 1324 beati
1037 1298 1109 1324 Petri

175 1331 276 1357 terreni
295 1331 375 1356 simul
393 1336 420 1356 et
438 1331 568 1357 coelestis
587 1332 695 1364 imperii
714 1332 772 1357 iura
786 1332 864 1357 Deus
884 1332 944 1365 ipse
962 1332 1110 1365 commisit,

176 1365 285 1399 imperii
310 1365 477 1399 praedicti2·
503 1365 664 1397 iurisdictio,
687 1367 811 1399 regimen
836 1371 863 1392 et
889 1366 1036 1400 dispositio
1062 1367 1109 1392 de-

175 1400 332 1431 volvuntur,
349 1405 377 1424 et
395 1407 429 1425 ea
447 1400 540 1433 ipse³”
559 1400 676 1425 durante
695 1401 781 1434 ipsius
800 1401 979 1426 vacatione*
1001 1401 1108 1434 imperii

175 1442 227 1467 per
244 1442 283 1465 se,
300 1434 345 1459 vel
366 1433 449 1458 alium
469 1442 517 1459 seu
539 1434 609 1459 alios
631 1435 789 1460 exercuisse
807 1435 929 1460 noscitur
947 1435 973 1460 in
992 1435 1108 1468 imperio

176 1473 339 1499 memorato,
358 1468 479 1493 nonnulli
498 1473 601 1500 tamen,
617 1468 643 1493 in
662 1469 755 1494 Italiae
773 1469 898 1502 partibus
917 1469 1063 1502 potestatis
1082 1474 1109 1495 et

175 1502 318 1535 dignitatis
329 1501 470 1535 fastigium
482 1502 575 1528 illicite
585 1503 784 1534 ambientes,in
796 1508 920 1529 nostrum
932 1504 1109 1530 etRomanae

176 1542 288 1562 sanctae
306 1536 402 1561 matris
420 1536 555 1562 ecclesiae
574 1538 719 1570 (quantum
737 1537 764 1562 in
782 1538 822 1563 eis
836 1538 889 1570 est)
908 1538 1109 1571 praeiudicium

174 1570 299 1602 ew’dens,
321 1579 353 1596 ac
375 1570 588 1596 diminutionem
611 1571 724 1597 honoris
746 1576 774 1597 et
797 1572 871 1603 iuris,
889 1572 1037 1598 vicariatus
1060 1580 1108 1598 seu

175 1605 289 1630 alterius
303 1605 492 1638 cuiuscunque
510 1613 612 1631 nomen
629 1605 754 1637 officii-5⁹,
769 1606 843 1639 quod
862 1606 922 1639 ipso
940 1607 1109 1640 imperatore

176 1640 286 1664 vivente
299 1648 333 1665 ex
348 1639 434 1672 ipsius
449 1639 644 1666 commissione
654 1640 791 1672 gerebant
802 1640 827 1665 in
839 1641 921 1666 certis
932 1641 1022 1673 terris,
1033 1641 1109 1667 terri—

176 1673 252 1698 toriis
267 1673 325 1699 sive
337 1673 415 1705 locis,
427 1678 490 1706 post
504 1673 652 1699 decessum
664 1675 749 1708 ipsius
761 1675 868 1708 absque
882 1679 977 1700 nostra
987 1676 1030 1701 vel
1044 1684 1109 1709 apo-

174 1707 290 1733 stolicae
311 1707 387 1733 sedis
409 1708 497 1741 petita
514 1708 559 1734 vel
581 1708 695 1734 obtenta
720 1709 831 1734 licentia
851 1709 972 1735 retinere
997 1709 1059 1741 sibi,
1082 1714 1110 1735 et

175 1742 298 1767 nonnulli
316 1742 399 1768 etiam
418 1741 453 1767 de
470 1750 544 1767 novo
561 1750 714 1774 assumere,
728 1743 804 1776 quod
822 1752 876 1768 non
894 1748 1049 1776 gesserant,
1062 1748 1110 1769 aut

175 1782 285 1808 gestum
314 1781 397 1802 antea
425 1780 582 1810 posteaque
609 1777 755 1802 dimissum
784 1785 926 1803 resumere
956 1778 1109 1804 temerariis

175 1811 288 1835 ausibus
302 1815 561 1844 praesumpserunt,
573 1819 628 1843 quo
638 1811 681 1837 vel
697 1811 797 1844 quibus
811 1811 902 1837 adhuc
915 1820 969 1837 non
981 1817 1110 1838 verentur

175 1845 261 1876 abuti,
275 1849 303 1870 et
321 1844 373 1869 sub
391 1844 450 1870 eius
468 1845 512 1870 vel
530 1853 626 1870 eorum
644 1845 737 1870 colore
754 1846 841 1870 multa
860 1845 950 1871 facere
964 1850 991 1871 et
1009 1846 1110 1872 fecisse

176 1883 335 1910 noscuntur,
349 1887 422 1911 quae
435 1878 461 1903 in
475 1883 598 1904 nostram
612 1883 639 1904 et
657 1879 792 1905 ecclesiae
810 1880 970 1913 praedictae
983 1880 1110 1906 iniuriam

176 1918 273 1946 aperte
298 1912 463 1943 redundant,
488 1921 544 1938 non
568 1913 751 1939 abhorrentes
776 1922 827 1947 per
852 1913 879 1938 id
904 1914 986 1939 variis
1008 1914 1109 1940 involvi

175 1947 345 1977 criminibus,
366 1955 418 1972 nec
443 1946 553 1972 divinae
578 1947 731 1973 maiestatis
757 1947 939 1974 formidantes
965 1948 1109 1974 offensam.

176 1981 247 2014 Quia
265 1981 347 2013 igitur
365 1989 449 2011 error,
467 1981 509 2006 cui
530 1989 584 2006 non
607 1982 753 2013 resistitur,
770 1982 919 2015 approbari
942 1982 1060 2015 videtur,
1083 1987 1110 2008 et

175 2015 260 2040 latum
287 2014 383 2048 pandit
405 2015 631 2048 delinquentibus
656 2016 755 2047 sinum,
779 2017 823 2049 qui
850 2024 945 2042 eorum
971 2017 1109 2050 perversis

176 2049 321 2075 conatibus
343 2057 398 2074 non
423 2049 538 2074 resistit:
564 2058 624 2081 nos,
646 2050 772 2076 volentes
797 2051 897 2076 nostris
923 2055 950 2076 et
975 2051 1110 2077 ecclesiae

175 2091 298 2117 sponsae
316 2088 428 2108 nostrae
445 2083 549 2108 iuribus
567 2089 594 2109 et
612 2084 765 2109 honoribus
783 2084 809 2110 in
831 2085 883 2110 hac
902 2089 980 2118 parte
1003 2086 1109 2119 prospi-

176 2126 248 2149 cere,
261 2123 288 2143 et
302 2117 381 2142 malis
395 2125 426 2142 ac
440 2117 588 2149 scandalis,
602 2126 673 2151 quae
692 2126 725 2144 ex
740 2119 904 2151 retentione,
919 2120 1110 2153 assumptione

175 2161 224 2178 scu
236 2152 426 2185 resumptione
439 2152 597 2177 huiusmodi
609 2157 669 2178 orta
683 2157 746 2178 sunt
759 2153 903 2185 hactenus,
914 2158 942 2179 et
953 2162 1025 2187 quae
1038 2154 1109 2188 peri-

175 2187 269 2211 culose
288 2191 403 2219 possent
421 2186 447 2210 in
465 2191 548 2212 antea
566 2187 694 2218 suboriri,
707 2187 836 2213 celeriter
853 2187 976 2220 obviare,
989 2196 1040 2214 nec
1054 2197 1109 2214 non

175 2220 305 2254 periculis
316 2220 468 2245 animarum
480 2220 638 2246 huiusmodi
650 2221 837 2253 retinentium,
848 2222 1048 2248 assumentium
1059 2231 1108 2248 seu

175 2254 373 2280 resumentium
387 2255 508 2286 nomina,
521 2260 549 2280 et
563 2255 602 2280 eis
616 2255 800 2288 abutentium,
813 2261 842 2281 ut
860 2256 1024 2290 praefertur,
1038 2257 1108 2282 salu-

175 2289 261 2314 briter
271 2296 416 2313 occurrere
427 2289 776 2322 cupientes,praesentium
787 2291 952 2316 auctoritate
962 2299 1108 2316 monemus

176 2323 228 2348 sub
241 2322 535 2348 excommunicationis
554 2331 645 2356 poena
661 2332 758 2350 omnes
771 2329 799 2350 et
817 2324 951 2358 singulos,
965 2325 1108 2350 cuiuscun-

177 2365 231 2391 que
254 2362 354 2389 status,
377 2357 623 2390 praeeminentiae,
645 2357 788 2389 dignitatis
809 2363 857 2384 aut
878 2359 1046 2385 conditionis
1063 2368 1108 2385 ex-

178 2392 287 2423 sistant,
301 2391 409 2417 etiamsi
427 2391 603 2424 patriarchali
618 2392 661 2416 vel
679 2393 776 2425 quavis
789 2393 843 2418 alia
857 2402 887 2418 sn
912 2393 1003 2425 eriori,
1017 2394 1109 2419 sivefl‘

177 2425 340 2459 episcopali,
354 2425 397 2450 vel
410 2425 486 2457 regia
500 2433 548 2451 seu
562 2426 616 2450 alia
629 2434 794 2459 quacunque
812 2436 878 2460 prae
894 2427 1005 2460 ulgeant
1020 2428 1108 2461 digni-

175 2466 242 2491 tate,
260 2460 307 2493 qui
325 2464 388 2493 post
406 2459 579 2484 vacationem
602 2459 708 2492 imperii
726 2461 833 2493 absque
852 2466 947 2486 nostra
968 2462 1011 2487 vel
1033 2462 1109 2488 sedis

177 2494 337 2528 praedictae
359 2493 468 2519 licentia
491 2494 648 2519 huiusmodi
671 2494 764 2519 vicarii
788 2503 836 2520 seu
854 2495 973 2521 cuiusvis
996 2497 1108 2522 alterius

177 2528 258 2553 officii
277 2527 412 2553 nomerii*
430 2528 545 2553 ubilibet
563 2528 743 2559 retinuerunt,
761 2535 981 2562 assumpserunt,
999 2539 1047 2556 seu
1069 2539 1109 2556 re-

176 2567 355 2595 sumpserunt
373 2566 400 2587 et
418 2562 546 2594 retinent,
563 2567 591 2588 et
610 2563 655 2595 qui
673 2569 816 2588 assument
834 2564 876 2589 vel
895 2569 1036 2590 resument
1055 2564 1108 2589 for-

177 2597 258 2622 tassis
277 2597 304 2621 in
326 2602 479 2629 posterum,
501 2601 529 2622 et
550 2596 601 2621 sub
624 2596 686 2621 talis
709 2597 901 2622 donationis*
925 2599 1007 2631 pallio
1030 2599 1107 2624 abusi

177 2636 239 2656 sunt
258 2635 285 2656 et
303 2631 460 2662 abutuntur,
478 2630 522 2656 vel
539 2631 624 2656 etiam
641 2631 790 2656 abutentur
808 2636 948 2664 potestate
966 2633 1009 2658 vel
1032 2633 1108 2658 iuris-

177 2665 299 2690 dictione
318 2673 493 2698 quacunque‚
507 2673 555 2690 seu
574 2665 633 2690 eius
651 2665 782 2690 exercitio
802 2666 911 2698 publice
929 2667 972 2692 vel
991 2667 1109 2698 occulte,

178 2704 315 2733 quatenus
337 2699 372 2724 de
395 2705 488 2724 cetero
510 2700 629 2724 etiamv·
652 2708 669 2724 a
691 2699 917 2725 denominatione
942 2701 1109 2733 huiusmodi,

178 2742 226 2759 seu
240 2734 476 2766 cuiuscunquew·
490 2733 690 2767 assumptione,
705 2735 895 2767 resumptione
909 2743 940 2759 ac
954 2735 1110 2761 retentione

177 2767 337 2801 praedictis,
351 2775 402 2792 nec
420 2776 474 2792 non
493 2776 553 2798 usu,
572 2772 711 2800 potestate
729 2773 756 2792 et
775 2768 905 2793 exercitio
924 2777 1006 2802 supra
1029 2769 1109 2795 dictis

179 2810 291 2834 prorsus
305 2801 462 2827 abstineant
476 2807 504 2827 et
516 2802 628 2827 omnino
642 2801 786 2827 desistant.
823 2802 984 2828 Inhibentes
998 2803 1110 2836 insuper

179 2836 229 2861 sub
248 2844 338 2869 poena
355 2836 498 2869 praedicta
515 2836 642 2862 omnibus
661 2841 689 2862 et
706 2836 821 2869 singulis
840 2837 1013 2870 patriarchis,
1031 2846 1109 2871 prae-

227 2956 279 2974 Tit,
295 2957 320 2974 V.
349 2957 408 2980 (lap.
424 2957 440 2975 I.
479 2958 497 2977 1)
508 2956 575 2975 (snut
585 2962 608 2975 α
618 2956 665 2980 Ray.
679 2955 740 2975 Γαΐα).
756 2957 776 2975 ιἰι
790 2956 870 2975 [fallar.
883 2955 940 2975 Ii'mn.
954 2956 984 2975 ml.
998 2956 1060 2976 Tam:
1073 2958 1108 2982 tv,

178 2982 232 3000 ’.κ’-1η
246 2992 265 2994 ἡ
278 2981 351 3000 ABEJ!
402 2986 421 3001 z)
432 2983 557 3006 prmnlteta:
572 2988 623 3005 unq.
667 2982 688 3005 3)
699 2985 808 3006 tenuiore:
824 2982 850 3000 ib.
902 2984 922 3003 -lJ
934 2983 1068 3002 vacationis:
1083 2984 1109 3002 Νι.

180 3007 184 3009 ’
263 3007 267 3011 ’
324 3008 424 3026 ιῑῆνῐυιμῑ
440 3008 466 3026 ih.
523 3010 543 3027 Gi
554 3011 602 3026 aut:
617 3009 681 3029 (κίκι..-
695 3010 732 3026 aut
743 3008 876 3031 pontificali:
892 3007 966 3026 ‘tm-:Ji
1017 3009 1037 3031 7)
1048 3009 1109 3027 mlrl,.·

325 3032 380 3050 ltk'Jl
439 3039 458 3051 a·
470 3033 659 3052 denominationis
670 3035 720 3057 oriq.
732 3033 754 3051 J!
805 3036 825 3055 τι)
837 3037 878 3052 eL:
893 3033 960 3051 drrsl:
975 3035 1025 3057 ornys.
1038 3034 1112 3052 Α1Ι»Ἰ’,“.11

180 3058 210 3073 lm
223 3058 330 3075 numinis:
345 3059 371 3075 ιΙι.
430 3060 461 3078 Η,Ι
473 3062 493 3075 ἐἰ
504 3060 571 3081 prael.
583 3060 661 3077 otiam:
677 3059 702 3076 ιΙι.
761 3061 793 3078 12)
805 3059 867 3077 mld.:
882 3062 903 3077 et
914 3060 1067 3078 inferioribus:
1083 3061 1109 3078 ιῙι.

181 3083 209 3103 λά,
223 3084 428 3102 νοιωιιυηῐιειιίὴιιει
443 3089 493 3108 orry.
506 3084 527 3102 J!
579 3086 610 3107 ll)
620 3085 757 3108 praedit-tos:
772 3091 822 3109 orry.
834 3084 851 3103 li
894 3086 925 3109 151)
936 3085 1044 3110 aliquem:
1060 3091 1110 3110 oruy.

1127 3056 1128 3063 ¹
1147 3066 1196 3084 any,
1208 3061 1283 3079 Amul

1148 341 1210 367 latis
1223 346 1251 367 et
1264 341 1393 367 etiamll*
1406 340 1467 366 aliis
1480 340 1726 374 superioribu512‘,
1736 349 1768 367 ac
1777 341 1900 374 regibus,
1911 340 2078 373 civitatibus,

1147 375 1379 407 comitatitms¹=³*,
1397 374 1632 407 universitatibus,
1649 375 1810 408 capitaneis,
1827 374 2024 409 potestatibus,
2036 382 2078 401 re-

1147 410 1279 442 ctoribus,
1286 408 1669 440 comitibus,vicecomitibus,
1678 409 1829 435 baronibus
1839 413 1868 435 et
1878 409 1938 435 aliis
1949 409 2078 435 omnibus

1147 444 1336 477 cuiuscunque
1355 445 1409 469 sint
1426 442 1578 475 dignitatis,
1594 443 1760 469 conditionis
1773 448 1820 469 aut
1837 448 1934 476 status,
1948 451 1982 469 ne
1999 451 2079 477 prae-

1148 478 1251 504 dictum
1259 479 1297 496 14·
1314 477 1473 503 huiusmodi
1491 485 1593 502 nomen
1610 485 1659 503 seu
1677 477 1751 502 aliud
1768 477 1914 511 quodlibet
1931 477 1958 503 in
1976 477 2078 503 eodem

1147 512 1262 546 imperio
1276 513 1437 543 retinentes,
1451 515 1479 536 ut
1493 511 1657 544 praefertur,
1669 515 1717 536 aut
1729 516 1914 543 assumentes,
1926 511 1971 538 vel
1981 519 2079 537 eorum

1147 547 1231 581 aliqui
1240 547 1279 565 ¹5*
1292 546 1343 572 sub
1358 545 1585 572 denominatione
1597 545 1642 571 vel
1659 545 1738 570 titulo
1755 545 1913 572 huiusmodi
1926 546 2078 579 nominum,

1147 589 1197 606 seu
1219 585 1424 614 procuratores,
1446 579 1662 611 commissarios,
1684 579 1789 605 iudices
1814 584 1861 605 aut
1881 580 1956 606 vices
1981 588 2078 606 eorum

1147 620 1276 648 gerentes
1291 622 1457 648 quocunque
1471 614 1564 640 colore
1578 613 1706 647 quaesito
1719 613 1853 647 recipiant
1863 614 1907 640 vel
1919 614 2079 646 admittant,

1147 657 1198 674 nec
1211 654 1239 674 ut
1252 649 1361 675 vicariis
1375 657 1423 675 seu
1435 648 1536 674 vicario
1547 652 1594 673 aut
1608 647 1772 673 officialibus
1786 647 1893 681 imperii
1906 653 2020 682 pareant
2034 649 2078 675 vel

1147 683 1302 715 intendant,
1313 688 1359 709 aut
1370 683 1460 717 pareri
1470 683 1514 708 vel
1525 682 1630 708 intendi
1642 681 1744 707 faciant
1754 682 1798 708 vel
1809 682 1979 716 permittant,
1989 691 2040 709 nec
2051 683 2078 709 in

1146 717 1188 742 his
1203 717 1243 743 eis
1257 718 1300 743 vel
1312 718 1336 743 ei
1348 716 1561 751 quomodolibet
1571 720 1714 750 praestent
1728 716 1867 748 auxilium,
1877 717 2023 742 consilium
2032 717 2078 743 vel

1147 751 1278 777 favorem.
1309 751 1440 784 Alioquin
1452 752 1478 776 in
1489 759 1585 776 omnes
1598 756 1624 776 et
1636 750 1761 783 singulos
1775 750 1956 784 patriarchas,
1969 751 2077 785 praela-

1147 789 1233 817 tos,et
1244 786 1401 819 superiores
1413 790 1440 811 et
1452 785 1605 816 inferiores,
1616 793 1696 817 reges
1706 785 1744 802 ¹⁶·
1754 789 1782 810 et
1793 784 2078 817 ceteros,denomina-

1146 819 1249 845 tionem
1256 820 1427 854 praedictam
1435 819 1473 837 ¹7*
1482 824 1509 844 ut
1521 819 1704 853 praemissum
1715 823 1757 845 est
1768 819 2078 851 retinenteS,assumen-

1147 858 1186 879 tes
1194 862 1242 879 seu
1254 858 1475 886 i·esumentcs,ac
1487 853 1557 879 illius
1569 857 1712 886 praetextu
1724 858 1886 879 exercentes
1893 861 2078 888 quaecunque

1146 888 1246 919 officia,
1260 892 1414 922 potestates
1428 896 1477 914 seu
1492 887 1705 919 iurisdictiones,
1719 892 1746 913 et
1759 887 1926 921 recipientes
1935 888 1972 905 ¹⁸*
1985 896 2034 914 eos
2048 892 2078 914 ut

1146 922 1272 953 vicarios,
1282 922 1326 947 vel
1336 922 1470 948 officiales
1486 922 1593 955 imperii
1605 926 1651 947 aut
1662 921 1867 947 commissarios
1878 930 1983 954 eorum,
1996 926 2026 948 ut
2039 926 2079 948 ta-

1146 955 1255 988 lium,et
1265 956 1292 981 in
1301 961 1431 989 parentes
1438 956 1751 987 seuobedienteseis,ut
1762 956 1925 988 talibus,aut
1936 961 2078 990 praestan-

1146 995 1188 1016 tes
1202 990 1228 1015 in
1242 991 1294 1015 hoc
1308 990 1361 1016 sibi
1375 990 1530 1022 consilium,
1547 990 1679 1016 auxilium
1693 990 1735 1016 vel
1749 989 1882 1022 favorem,
1895 990 1947 1016 nisi
1961 990 2077 1017 intra¹⁹‘

1146 1024 1262 1050 duorum
1275 1024 1413 1050 mensium
1427 1024 1547 1057 spatium
1557 1033 1573 1050 a
1583 1024 1628 1050 die
1639 1024 1722 1050 datae
1733 1025 1923 1058 praesentium
1932 1033 2079 1051 numeran-

1146 1059 1211 1084 dum
1235 1058 1345 1092 penitus
1368 1058 1543 1092 resipuerint,
1560 1058 1605 1084 vel
1627 1067 1657 1084 se
1679 1059 1790 1084 licentia
1809 1059 1883 1085 sedis
1905 1059 2078 1093 apostolicae

1145 1101 1230 1126 super
1251 1093 1304 1118 hoc
1326 1092 1499 1118 ostenderint
1521 1093 1715 1124 communitos,
1735 1093 2027 1119 excommunicationis
2050 1094 2077 1119 in

1145 1127 1299 1160 singulares
1311 1135 1456 1161 personas,
1467 1130 1495 1152 et
1506 1126 1532 1151 in
1544 1131 1631 1152 terras
1642 1131 1669 1152 et
1682 1127 1743 1153 loca
1756 1128 1889 1161 ipsorum,
1900 1131 1927 1153 et
1938 1127 2078 1161 quaslibet

1146 1161 1370 1192 communitates,
1392 1161 1595 1192 universitates,
1617 1161 1742 1187 civitates
1767 1166 1814 1187 aut
1834 1161 1912 1187 villas
1938 1161 2078 1188 interdicti

1145 1195 1297 1221 sententias
1311 1195 1346 1221 de
1364 1195 1479 1220 fra-trum
1492 1200 1650 1220 nostrorum
1663 1195 1778 1221 consilio
1797 1195 1906 1229 publice
1920 1197 2078 1230 promulga-

1145 1238 1216 1262 mus,
1239 1234 1335 1255 contra
1356 1237 1404 1255 eos
1430 1229 1607 1254 nihilominus
1631 1229 1811 1262 spiritualiter
1835 1234 1863 1256 et
1887 1231 2080 1264 temporaliter

1145 1265 1255 1296 gravius
1269 1263 1436 1298 processuri,
1450 1268 1531 1297 prout
1550 1263 1739 1289 inobedientia
1753 1272 1850 1290 eorum
1863 1264 1997 1298 exegerit,
2011 1273 2079 1298 qua-

1145 1299 1208 1324 litas
1215 1300 1255 1316 ’ΞΜ
1269 1298 1333 1323 facti
1347 1298 1476 1330 suaserit,
1490 1302 1517 1323 et
1532 1297 1683 1323 viderimus
1697 1298 1838 1331 expedire.
1874 1299 1909 1324 Et
1922 1303 1951 1324 ut
1964 1299 2078 1332 quibus-

1145 1333 1213 1358 libet
1227 1332 1343 1366 parendi
1357 1332 1459 1358 talibus
1474 1332 1585 1357 tollatur
1598 1332 1721 1358 occasio:
1736 1340 1832 1358 omnes
1844 1336 1872 1358 et
1885 1333 2019 1366 singulos,
2031 1333 2077 1367 qui

1145 1367 1303 1392 huiusmodi
1317 1366 1464 1392 vicariatus
1482 1374 1583 1392 nomen
1599 1366 1793 1398 retinentibus,
1806 1367 2013 1393 assumentibus
2026 1375 2078 1394 seu

1144 1401 1350 1427 resumentibus
1364 1401 1518 1426 iuramento
1531 1400 1671 1426 fidelitatis
1690 1405 1819 1426 tenentur
1831 1401 1966 1434 adstricti,
1979 1410 1996 1427 a
2007 1401 2078 1428 iura-

1144 1440 1238 1462 mento
1253 1435 1410 1461 huiusmodi
1426 1440 1559 1468 quantum
1572 1434 1608 1460 ad
1625 1435 1679 1460 hoc
1693 1435 1728 1460 de
1743 1435 1891 1468 potestatis
1905 1435 2079 1468 plenitudine

1144 1471 1333 1501 absolventes,
1351 1469 1515 1495 auctoritate
1536 1469 1690 1503 apostolica
1711 1469 1826 1495 firmiter
1847 1469 2003 1495 inhibemus
2025 1469 2079 1496 eis-

1145 1505 1219 1536 dem,
1230 1512 1264 1530 ne
1278 1504 1379 1530 talibus
1391 1508 1419 1529 ut
1431 1503 1540 1529 vicariis
1551 1503 1595 1529 vel
1608 1503 1773 1529 officialibus
1785 1504 1892 1537 imperii
1902 1503 2077 1538 aliquatenus

1145 1543 1261 1573 pareant
1274 1539 1317 1564 vel
1331 1537 1486 1564 intendant.
1522 1538 1556 1563 Et
1570 1538 1683 1571 insuper
1695 1546 1792 1564 omnes
1806 1538 1959 1572 pactiones,
1972 1538 2078 1572 obliga-

1146 1573 1245 1605 tiones,
1269 1572 1529 1598 confoederationes
1552 1576 1579 1598 et
1601 1571 1803 1605 colligationes,
1825 1581 1842 1598 a
1864 1572 2079 1607 quibuscunque

1145 1616 1229 1641 super
1246 1607 1299 1632 hoc
1319 1606 1559 1640 quomodolibet?l
1577 1606 1669 1638 initas,
1683 1606 1837 1632 iuramento
1850 1607 1894 1632 vel
1913 1615 2079 1641 quacunque

1146 1642 1275 1667 firmitate
1292 1641 1418 1673 vallatas,
1436 1641 1548 1666 omnino
1567 1641 1754 1673 dissolvimus,
1772 1640 1906 1667 viribus²2
1918 1649 2078 1674 vacuamus,

1145 1676 1292 1708 irritamus,
1314 1679 1350 1707 et,
1374 1679 1511 1709 quatenus
1534 1675 1569 1700 de
1591 1675 1664 1700 facto
1686 1676 1885 1708 processerint,
1903 1683 2077 1702 revocamus.

1144 1711 1185 1736 Ac
1210 1709 1368 1735 huiusmodi
1393 1710 1452 1735 et²³
1476 1709 1618 1743 quaelibet
1641 1709 1695 1735 alia
1719 1709 1882 1742 iuramenta,
1907 1709 2079 1743 quibuslibet

1145 1753 1229 1778 super
1246 1744 1288 1769 his
1306 1743 1450 1778 praestita,
1467 1752 1518 1777 per
1536 1751 1607 1777 quae
1621 1748 1719 1777 posset
1731 1743 1758 1769 in
1772 1743 1922 1777 praedictis
1936 1744 2037 1770 nostris
2051 1748 2080 1771 et

1145 1778 1280 1804 ecclesiae
1293 1778 1451 1803 nostrae24*
1469 1778 1629 1811 praedictae
1642 1778 1747 1803 iuribus
1762 1778 1899 1811 derogari,
1911 1779 2079 1812 praesertim

1146 1821 1231 1846 quum
1245 1813 1431 1838 iuramentum
1444 1812 1582 1837 vinculum
1600 1812 1752 1845 iniquitatis
1766 1821 1830 1838 esse
1843 1821 1898 1838 non
1912 1812 2023 1845 debeat,
2036 1821 2079 1839 re-

1145 1847 1278 1872 laxamus.
1321 1847 1461 1877 Ceterum,
1486 1850 1516 1871 ut
1540 1845 1699 1871 huiusmodi
1724 1854 1872 1879 processus
1897 1847 2018 1872 verius2⁵
2041 1847 2079 1873 ad

1146 1888 1321 1906 communem
1335 1880 1458 1906 omnium
1472 1880 1597 1905 notitiam
1611 1880 1777 1906 deducatur:
1801 1881 1909 1906 chartas
1927 1889 1977 1907 seu
1990 1889 2078 1907 mem-

1145 1915 1256 1947 branas,
1270 1923 1432 1948 processum
1450 1914 1624 1940 continentes
1644 1914 1773 1946 eundem,
1789 1914 1815 1939 in
1833 1915 1952 1940 ecclesia
1964 1915 2078 1942 Avinio-

1145 1949 1223 1975 nensi
1245 1949 1368 1982 appendi
1389 1949 1434 1974 vel
1451 1948 1526 1981 affigi
1545 1948 1624 1974 ostiis
1646 1956 1695 1974 seu
1718 1949 1974 1982 superliminaribus
1994 1949 2078 1976 facie-

1145 1992 1215 2014 mus,
1230 1992 1301 2016 quae
1320 1991 1481 2016 processum
1500 1983 1592 2016 ipsum
1605 1991 1655 2008 suo
1670 1983 1749 2016 quasi
1767 1991 1869 2009 sonoro
1887 1984 2036 2017 praeconio
2050 1988 2078 2010 et

1146 2017 1297 2051 patenti²¹³·
1321 2017 1422 2042 iudicio
1444 2017 1625 2050 publicabunt
1647 2017 1694 2048 ita,
1713 2017 1789 2050 quod
1807 2025 1903 2043 omnes
1921 2022 1950 2043 et
1966 2018 2078 2051 singuli,

1146 2060 1215 2085 quos
1233 2059 1382 2085 processus
1399 2051 1460 2085 ipse
1477 2051 1612 2084 contingit
1630 2055 1656 2077 et
1675 2051 1836 2085 contingere
1854 2056 1957 2085 potest,
1974 2052 2078 2078 nullam

1146 2090 1245 2120 postea
1257 2085 1366 2119 possint
1380 2085 1587 2111 excusationem
1606 2085 1798 2119 praetendere,
1813 2086 1889 2119 quod
1902 2086 1938 2112 ad
1951 2095 2000 2112 eos
2014 2087 2076 2113 talis

1145 2128 1293 2154 processus
1315 2128 1370 2145 non
1392 2119 1560 2153 pervenerit,
1577 2120 1621 2145 vel
1642 2119 1718 2153 quod
1740 2120 1927 2153 ignoraverint
1947 2120 2077 2154 eundem,

1146 2163 1231 2188 quum
1253 2162 1308 2179 non
1331 2154 1366 2179 sit
1387 2154 1545 2185 verisimile,
1567 2162 1711 2180 remanere
1737 2154 1829 2187 quoad
1854 2155 1930 2188 ipsos
1954 2155 2077 2188 incogni-

1145 2193 1202 2214 tum
1220 2189 1264 2214 vel
1282 2189 1430 2219 occultum,
1448 2188 1523 2221 quod
1542 2193 1598 2214 tarn
1616 2192 1744 2222 patenter
1761 2189 1889 2214 omnibus
1910 2189 2077 2222 publicatur.

1145 2224 1249 2258 Datum
1262 2223 1398 2248 Avinione
1416 2222 1443 2248 in
1461 2222 1544 2248 domo
1561 2222 1723 2256 episcopali,
1742 2223 1773 2248 ΙΙ.
1787 2223 1848 2249 Kal.
1861 2223 1949 2257 April.
1962 2223 2015 2249 Ao.
2028 2223 2078 2250 L2⁷

1161 2266 1168 2283 1
1195 2266 1231 2283 1-.

1145 2257 1187 2292 [3
1210 2257 1244 2292 [J
1461 2310 1683 2339 TITULUS
1711 2310 1760 2338 VI.

1246 2368 1301 2393 DE
1332 2368 1446 2394 VOTO
1478 2368 1530 2393 ET
1558 2368 1659 2394 VOTI
1686 2367 1975 2395 REDEMTIONE.

1534 2437 1606 2457 CAP.
1622 2437 1687 2458 UN.¹

1145 2473 1232 2494 Votum,
1244 2477 1283 2495 per
1292 2472 1454 2495 susceptionem
1465 2473 1522 2491 sacri
1534 2472 1619 2491 ordinis
1634 2473 1804 2497 solennizafflm,
1820 2474 1873 2493 licet
1888 2473 1994 2497 impediat
2004 2473 2079 2492 matri-

1145 2498 1243 2516 monium
1260 2503 1361 2521 sequeus,
1377 2503 1421 2516 non
1431 2500 1504 2516 tamen
1516 2498 1662 2521 praecedens:
1677 2499 1765 2518 etiamsi
1779 2500 1878 2518 nondum
1889 2500 1947 2518 esset
1956 2504 1994 2522 per
2004 2499 2078 2518 carnis

1145 2523 1246 2546 copulam
1262 2526 1446 2542 consummatum.
1475 2524 1503 2542 Et
1517 2524 1610 2542 durante
1625 2525 1775 2547 matrimonio,
1790 2526 1857 2544 etiam
1868 2525 1967 2543 nondum
1978 2530 2079 2543 connum-

1145 2551 1211 2569 mato.
1232 2549 1306 2568 nullus
1324 2551 1450 2572 praesumat
1467 2549 1570 2573 :incipere
1588 2549 1684 2573 aliquem
1704 2550 1730 2569 (le
1741 2551 1809 2569 saeris
1824 2551 1947 2570 ordinibus.
1975 2550 2039 2573 Quod
2058 2550 2078 2568 si

1146 2575 1229 2595 fet-erit,
1241 2575 1348 2593 dissoluto
1360 2575 1426 2593 etiam
1438 2575 1592 2593 mati-iniuntur
1607 2581 1648 2593 nee
1663 2576 1685 2594 iu
1697 2576 1735 2594 illo
1746 2577 1880 2600 ministrare,
1892 2582 1933 2595 nec
1943 2575 1970 2594 ad
1980 2575 2078 2599 superio·

1145 2606 1179 2618 res
1190 2600 1326 2618 adscendere
1336 2601 1424 2624 peterit,
1441 2601 1482 2618 nisi
1494 2601 1589 2624 aliquam
1602 2601 1628 2619 de
1639 2600 1785 2623 religionibus
1795 2602 1922 2626 approbatis
1933 2601 2076 2625 ingrediatur,

1145 2628 1166 2644 et
1177 2626 1223 2644 eius
1235 2626 1333 2648 regulam
1345 2631 1448 2649 expresse
1458 2626 1492 2644 vel
1508 2627 1575 2645 tacite
1590 2626 1725 2650 profiteatur.
1752 2628 1792 2646 Eat
1801 2629 1875 2646 autem
1885 2627 1936 2646 talis
1947 2627 2076 2650 coniugatus

1144 2651 1175 2669 sic
1191 2652 1306 2670 ordinatus
1324 2657 1363 2675 per
1377 2652 1533 2671 dioecesanum
1553 2653 1684 2673 monendus.
1704 2654 1727 2671 ut
1746 2653 1876 2676 religionem
1896 2652 2039 2677 ingrediatur,
2058 2651 2077 2670 si

1146 2677 1311 2695 matrimonium
1335 2677 1433 2696 nondum
1454 2680 1487 2696 est
1510 2679 1695 2696 consummatum.
1731 2679 1795 2701 Quod
1815 2679 1832 2697 si
1852 2679 1962 2700 renuerit.
1981 2679 2003 2697 et
2020 2682 2077 2696 uxor

1146 2703 1261 2721 inaruerit:
1277 2702 1418 2726 compellitur
1432 2709 1471 2726 per
1481 2704 1734 2723 exemnmunieationem
1746 2704 1773 2723 ad
1788 2704 1924 2723 matrimonii
1940 2707 2076 2723 consumma·

1160 2729 1251 2747 tionem.
1276 2729 1323 2747 1101:
1333 2728 1395 2747 dicit.
1422 2729 1450 2747 Et
1461 2731 1493 2748 est
1504 2734 1566 2748 casus
1578 2729 1690 2753 notabilis,
1701 2731 1722 2748 et
1732 2730 1770 2754 qui
1780 2731 1833 2749 natis
1844 2730 1918 2750 efferri
1928 2734 1973 2748 non
1982 2729 2062 2752 posset.

1213 2770 1353 2803 Antiquae
1375 2771 1573 2796 concertationi
1598 2771 1680 2796 finem
1703 2771 1847 2804 cupientes
1869 2771 2022 2804 imponere,
2041 2777 2074 2795 ac

1145 2804 1297 2829 animarum
1310 2804 1440 2838 periculis
1451 2805 1515 2831 inde
1525 2805 1751 2838 provenientibus
1762 2805 1908 2831 salubriter
1919 2803 2076 2838 providere,

1146 2838 1181 2864 de
1195 2838 1309 2864 fratrum
1322 2843 1480 2864 nostrorum
1497 2839 1611 2865 consilio
1629 2840 1770 2873 praesenti
1788 2839 1959 2866 declaramus
1972 2837 2074 2870 edicto,

1146 2958 1204 2977 mm
1264 2959 1296 2982 16)
1307 2965 1363 2981 rebat
1378 2959 1446 2977 drrsl:
1460 2959 1510 2982 0¹72).
1573 2958 1605 2982 17)
1615 2959 1797 2978 denominatione
1807 2957 1930 2981 praedicta:
1945 2956 1994 2980 oria.
2004 2956 2034 2977 It.-
2048 2957 2076 2976 du

1147 2985 1300 3003 nominatione
1311 2985 1435 3007 praedii-ta:
1451 2984 1468 3002 li'
1507 2984 1538 3007 18)
1550 2985 1572 3003 in
1584 2990 1638 3003 rem:
1653 2985 1703 3006 orm.
1713 2983 1787 3003 ABEM
1825 2982 1858 3006 19)
1868 2982 1936 3000 insi-a:
1951 2981 1977 3000 ib.
2009 2983 2043 3004 20)
2054 2985 2076 3002 et.

1145 3010 1217 3033 quala
1233 3011 1283 3033 nriy.
1296 3010 1313 3028 la*
1371 3012 1403 3033 tel)
1414 3010 1525 3034 quolibet:
1536 3010 1564 3033 (Ρ)
1575 3011 1625 3033 orm.
1682 3010 1714 3033 22)
1725 3009 1808 3028 iuribus
1818 3008 1856 3031 (?):
1870 3007 1896 3025 il}-
1953 3008 1985 3031 211)
1997 3013 2034 3026 ae:
2048 3008 2076 3028 ib,

1145 3037 1178 3054 :eti
1190 3038 1239 3053 nost
1253 3042 1258 3054 ς
1273 3035 1338 3054 drcsl:
1353 3037 1402 3058 nrnjq.
1413 3035 1470 3054 ΛΕΜ
1523 3036 1556 3059 25)
1567 3038 1652 3054 noster:
1667 3036 1716 3059 oriy.
1726 3033 1773 3057 mc,-
1786 3038 1856 3052 nunc:
1870 3031 1885 3050 A
1946 3034 1979 3056 ⁶:13)
1990 3034 2076 3057 patulo:

1333 3062 1355 3073 ιν·
1411 3067 1416 3071 .

1198 3087 1250 3106 Tit.
1266 3087 1303 3107 vl.
1331 3061 1449 3111 diffluis
1474 3086 1494 3109 1)
1503 3084 1581 3105 ,unm

2237 2811 2243 2822 n
2235 2559 2243 2795 nt-h——ss
2235 2494 2243 2542 ‘fi-
2223 2438 2243 2482 —.‘-
