2243 3288
109 204 176 232 1229

109 281 243 313 noscitur,
266 281 330 306 licet
352 279 491 312 immeriti,
512 280 602 306 vicem
625 279 817 305 teneamus-¹⁰*
841 277 868 303 in
891 278 980 308 terris,
1003 277 1049 302 illa

111 317 238 342 volentes
261 315 288 340 in
310 318 408 340 sancta
424 314 478 340 Dei
501 314 628 346 ecclesia,
646 321 719 347 quae
737 321 793 338 non
814 312 900 338 verbo
923 311 1049 337 obtinent

111 355 228 381 tantum,
247 349 298 375 sed
316 356 388 382 quae
406 356 436 374 re
454 348 557 382 potius,
575 348 727 379 observari,
751 346 911 381 praemissis
931 346 957 371 in
975 354 1049 371 scru-

112 384 180 410 tinio
198 388 292 409 rectae
310 382 543 408 considerationis
561 382 699 413 adductis,
717 389 749 407 ac
767 380 969 407 deliberatione
987 388 1051 405 cum

111 418 242 444 fratribus
260 417 362 442 nostris
381 422 409 442 et
426 416 520 442 multis
534 417 594 442 aliis
608 416 772 450 praehabita
786 415 922 447 diligenti,
936 414 1050 446 dignum

111 452 280 478 arbitrantes
294 456 322 477 et
335 459 498 483 congruum,
511 451 686 484 professores
697 450 762 475 dicti
773 449 878 474 ordinis
892 457 947 473 non
958 449 1050 473 verbis

112 491 230 517 tantum,
247 494 303 511 non
321 485 456 510 simulatis
475 485 593 517 actibus,
611 484 663 510 sed
681 484 811 518 operibus
830 483 920 514 claris,
934 483 1051 508 veritate

112 520 241 551 suffultis,
255 519 430 553 perfectioris
443 524 533 544 status
552 527 584 544 ac
597 518 701 544 altioris
719 517 892 551 paupertatis
906 517 958 542 sibi
973 525 1051 550 prae-

112 555 268 588 rogativam
282 562 349 588 prae
361 554 422 579 aliis
435 553 659 579 mendicantibus
670 552 822 583 vindicare,
832 559 863 576 ac
874 551 1051 576 nihilominus

112 589 211 614 honori
233 593 429 614 sacrosanctae
451 588 595 613 Romanae
616 586 762 618 ecclesiae,
785 585 872 619 (cuius
895 585 1052 611 obnubilari

112 627 209 657 posset
222 623 319 655 gloria,
333 622 354 647 si
370 628 426 647 tam
440 630 589 656 perversae
603 620 782 651 simulationi,
797 628 868 653 quae
882 619 1009 653 profecto
1024 624 1052 645 et

113 657 181 691 ipsis
204 656 401 682 simulantibus
424 656 520 687 officit,
542 660 570 681 et
592 655 652 681 aliis
673 654 797 680 scandali
820 654 965 679 materiam
988 654 1051 679 sub-

112 692 263 721 ministrat;
278 690 480 716 dissimulando
492 690 528 715 illi
540 697 685 715 occurrere
696 688 885 720 consentiret,)
897 697 929 713 ac
940 689 1053 721 insuper

112 725 241 751 volentes
266 725 441 750 indemnitati
467 724 658 758 praelatorum
687 727 715 748 et
741 727 881 748 rectorum
906 722 1053 747 salubriter

113 768 198 794 super
210 760 264 785 hoc
277 759 434 793 providere,
445 758 571 784 nolentes
583 758 610 783 in
623 761 767 791 posterum
778 757 829 782 sub
844 761 988 790 praetextu
1002 765 1052 782 seu

113 794 198 828 pallio
213 794 275 820 talis
289 793 403 819 dominii
417 792 589 826 temporalis,
600 791 730 823 verbalis,
741 791 807 816 nudi
821 799 853 816 ac
866 791 1052 823 aenigmadci,

114 833 192 854 tanta
209 829 291 860 bona,
306 832 409 861 quanta
427 826 493 852 dicti
511 825 609 851 fratres
626 825 740 857 faciunt,
754 825 835 857 infici,
850 834 881 850 ac
900 825 1053 850 fomentum

114 863 197 888 tantis
216 862 306 894 malis,
325 866 430 895 quanta
450 861 607 895 procedunt
629 868 662 885 ex
684 860 862 885 simulatione
885 859 1053 891 huiusmodi,

114 897 281 928 ministrare,
295 896 330 922 de
344 896 459 921 fratrum
476 900 635 920 nostrorum
649 894 764 920 consilio
779 895 832 919 hoc
846 894 937 919 edicto
952 894 978 918 in
992 901 1053 927 per-

114 936 230 965 petuum
244 931 361 956 valituro
380 929 528 961 sancimus,
542 929 619 962 quod
633 929 660 954 in
673 928 763 960 bonis,
778 936 850 961 quae
865 928 891 953 in
909 932 1054 961 posterum

114 965 293 991 conferentur
305 964 350 990 vel
362 963 522 995 offerentur,
541 967 588 988 aut
606 963 674 988 alias
689 962 903 996 quomodolibet
921 962 1054 987 obvenire

115 1000 258 1032 continget
269 999 399 1024 fratribus
410 1006 460 1023 seu
471 997 562 1023 ordini
573 1005 657 1031 supra
668 997 758 1029 dictis,
770 997 904 1030 (exceptis
919 996 1054 1027 ecclesiis,

114 1034 252 1065 oratoriis,
266 1032 384 1058 officinis
399 1037 427 1057 et
445 1032 675 1063 habitationibus,
688 1039 720 1056 ac
738 1031 821 1063 vasis,
835 1031 911 1056 libris
930 1035 957 1056 et
971 1030 1054 1056 vesti-

114 1068 216 1094 mentis
230 1067 329 1092 divinis
343 1066 442 1092 officiis
456 1066 594 1091 dedicatis
605 1066 649 1091 vel
660 1065 834 1097 dedicandis,
845 1073 916 1098 quae
927 1065 963 1090 ad
977 1065 1054 1098 ipsos

115 1101 267 1128 obvenient
280 1102 308 1126 in
321 1100 454 1132 futurum,
465 1100 501 1126 ad
512 1108 584 1134 quae
598 1108 628 1125 se
641 1108 697 1125 non
708 1100 861 1125 extendunt
874 1099 946 1125 adeo
961 1099 1054 1124 incon-

114 1136 257 1162 venientia
278 1144 363 1169 supra
384 1135 468 1167 dicta,
490 1140 606 1168 propter
624 1134 700 1168 quod
722 1134 949 1159 constitutionem
972 1133 1055 1158 istam

114 1171 152 1196 ad
168 1170 215 1196 illa
227 1170 341 1195 extendi
355 1169 505 1201 nolumus,)
523 1169 630 1194 nullum
643 1169 685 1193 ius
703 1176 753 1194 seu
772 1168 927 1193 dominium
940 1167 1055 1201 aliquod

115 1205 265 1230 occasione
288 1203 471 1230 ordinationis
494 1203 655 1237 praedictae
679 1211 729 1228 seu
752 1202 872 1228 cuiusvis
894 1202 1016 1232 alterius,
1039 1210 1056 1227 a

115 1247 284 1273 quocunque
298 1238 550 1272 praedecessorum
560 1241 719 1262 nostrorum
730 1245 815 1270 super
828 1237 881 1262 hoc
895 1236 1056 1270 specialiter

114 1273 219 1305 editae,
244 1272 433 1298 Romanae50*
459 1271 595 1297 ecclesiae
616 1271 784 1304 acquiratur,
806 1271 857 1296 sed
883 1269 977 1304 quoad
1002 1270 1055 1295 hoc

114 1308 272 1334 habeantur
293 1314 408 1341 prorsus
431 1306 621 1331 ordinationes
644 1305 802 1330 huiusmodi
825 1313 875 1339 pro
892 1313 948 1329 non
965 1304 1054 1329 factis.

115 1343 168 1368 Per
186 1342 238 1367 hoc
257 1346 352 1367 autem
365 1341 392 1365 in
409 1340 461 1371 his,
481 1348 553 1373 quae
570 1340 679 1373 absque
693 1339 774 1365 dictis
787 1338 1009 1364 ordinationibus
1028 1338 1055 1363 in

115 1376 198 1402 bonis
212 1375 363 1410 praedictis
374 1374 410 1400 ad
423 1374 526 1400 dictam
537 1374 684 1400 ecclesiam
698 1373 844 1407 provenire
858 1373 903 1398 vel
916 1373 1055 1406 pertinere

116 1410 333 1444 quomodolibet
350 1412 480 1442 poterant
497 1408 543 1434 vel
560 1408 711 1440 debebant,
728 1408 835 1433 nullum
853 1407 948 1433 eidem
965 1407 1056 1441 parari

117 1444 321 1479 praeiudicium
334 1443 472 1474 volumus,
486 1443 537 1468 sed
551 1443 598 1468 illa
615 1443 668 1468 sibi
686 1442 845 1476 expressius
859 1442 962 1467 intacta
976 1446 1003 1467 et
1017 1441 1055 1466 in-

116 1479 221 1504 violata
239 1486 392 1503 servamus.
429 1478 465 1502 Et
482 1477 547 1510 quia
564 1476 722 1510 praefatum
740 1476 852 1502 Martini
868 1477 959 1509 Papae
997 1484 1056 1501 rae-

118 1512 276 1539 decessoris
294 1511 381 1537 nostri
404 1511 580 1545 privilegium
601 1511 708 1536 dudum
730 1515 872 1536 servatum
894 1518 967 1544 quoa
1009 1509 1056 1535 ad-

117 1547 351 1573 ministrationem
374 1546 513 1571 bonorum
542 1546 761 1579 praemissorum
786 1553 842 1570 non
867 1545 980 1576 exstitit,
1005 1552 1057 1569 nec

118 1586 254 1613 servatur,
268 1589 300 1606 ac
314 1581 439 1614 ipsorum
452 1584 662 1613 procuratorum
676 1579 806 1611 officium,
821 1579 866 1612 qui
880 1579 1058 1604 nominantur

117 1625 134 1642 a
151 1615 283 1641 ministris
306 1620 333 1640 et
355 1614 518 1640 custodibus
542 1614 607 1639 dicti
626 1613 740 1646 ordinis,
759 1614 896 1639 ecclesiae
914 1613 1057 1638 Romanae

117 1650 291 1681 iniuriosum,
304 1657 336 1674 ac
353 1649 446 1674 multis
464 1648 524 1674 aliis
542 1648 692 1674 molestum
708 1648 832 1673 noscitur
849 1652 876 1673 et
894 1647 979 1673 etiam
993 1655 1058 1672 one-

118 1693 227 1711 rosum:
248 1683 399 1709 districtius
417 1683 584 1714 inhibemus,
606 1690 641 1708 ne
660 1682 793 1716 deinceps
812 1690 862 1716 pro
880 1681 1058 1715 recipiendis,

120 1718 260 1751 petendis,
283 1717 522 1751 extorquendisffl,
548 1716 735 1742 defendendis
758 1724 807 1742 seu
829 1715 1058 1742 administrandis

120 1753 216 1783 bonis,
245 1760 317 1786 quae
342 1752 369 1776 in
394 1756 539 1785 posterum
564 1751 696 1776 fratribus
722 1751 766 1776 vel
791 1750 881 1776 ordini
906 1750 1057 1784 praedictis

121 1787 214 1813 offerri
232 1786 277 1812 vel
297 1785 427 1817 conferri,
445 1794 495 1811 seu
513 1785 580 1811 alias
595 1785 728 1811 obvenire
741 1785 894 1817 continget,
909 1785 1059 1818 quisquam

120 1821 280 1847 nominetur
292 1829 308 1846 a
323 1828 466 1854 quoquam
483 1828 533 1845 seu
547 1820 732 1845 constituatur
744 1828 760 1845 a
773 1819 858 1844 modo
872 1819 984 1844 nomine
998 1827 1059 1844 san-

121 1862 183 1882 ctae
197 1856 343 1880 Romanae
363 1854 498 1880 ecclesiae
517 1858 689 1888 procurator,
708 1862 759 1879 nec
777 1853 924 1879 occasione
939 1853 1059 1878 cuiusvis

121 1890 306 1925 privilegii-⁵¹²¹*
340 1889 499 1922 quicunque
528 1888 799 1914 administrationem
829 1895 1060 1921 quorumcunque

122 1926 268 1955 bonorum,
287 1931 359 1957 quae
373 1923 507 1948 obvenire
525 1922 656 1948 fratribus
670 1922 737 1956 ipsis
751 1922 795 1948 vel
809 1922 898 1947 ordini
917 1922 1060 1955 continget

123 1960 150 1985 in
164 1964 316 1993 posterum,
335 1958 362 1982 in
379 1957 481 1982 iudicio
494 1957 539 1982 vel
553 1961 638 1987 extra,
657 1956 768 1990 agendo
782 1957 855 1982 vel⁵³
869 1955 1060 1987 defendendo,

122 1992 307 2027 supplicando
325 1991 370 2017 vel
387 1992 454 2017 alias
473 1991 687 2024 quomodolibet
704 1999 848 2016 assumere
869 1991 913 2015 vel
931 1998 1061 2015 exercere

122 2028 214 2053 dictae
237 2026 372 2052 ecclesiae
394 2026 506 2051 nomine
528 2025 642 2057 audeat,
663 2025 715 2050 nisi
738 2025 774 2050 de
796 2025 870 2050 sedis
889 2024 1061 2057 apostolicae

123 2061 235 2088 licentia
257 2060 381 2094 speciali,
405 2059 590 2085 decernentes
612 2059 719 2084 irritum
742 2063 769 2084 et
792 2059 884 2090 inane,
902 2059 924 2083 si
947 2066 1027 2084 secus
1046 2066 1062 2083 a

123 2104 265 2130 quoquam
283 2096 310 2120 in
329 2099 474 2128 posterum
491 2094 640 2126 contigerit
657 2093 797 2125 attentari,
814 2101 870 2118 non
884 2093 1061 2118 obstantibus

123 2131 338 2164 quibuscunque
352 2128 514 2162 privilegiis,
528 2136 544 2153 a
557 2128 677 2153 Martino
693 2128 767 2161 Papa
784 2127 928 2161 praedicto
942 2127 985 2152 vel
1000 2126 1061 2151 aliis

122 2163 388 2199 praedecessoribus
406 2163 508 2188 nostris
525 2162 594 2196 ipsis
612 2162 743 2187 fratribus
757 2162 801 2187 vel
819 2161 908 2187 ordini
928 2161 980 2186 sub
995 2169 1062 2194 qua-

123 2207 233 2232 cunque
247 2198 336 2223 forma
349 2197 394 2222 vel
407 2197 587 2230 expressione
601 2196 750 2222 verborum
764 2195 914 2221 concessis.
945 2196 996 2220 Per
1010 2196 1062 2220 hoc

122 2238 218 2259 autem
236 2232 302 2257 dicti
316 2231 422 2257 ordinis
440 2231 554 2264 regulae
572 2231 600 2256 in
617 2231 710 2264 aliquo
724 2238 780 2255 non
798 2229 967 2255 intendimus
982 2229 1062 2255 dero-

123 2276 200 2301 gare,
226 2274 277 2292 nec
300 2265 454 2300 privilegiis
479 2265 610 2290 fratribus
633 2265 700 2298 ipsis
723 2273 773 2290 seu
795 2272 892 2290 eorum
915 2263 1003 2289 ordini
1027 2263 1062 2289 ab

123 2301 279 2336 apostolica
297 2300 365 2326 sede
383 2299 533 2331 concessis,
557 2299 619 2332 (nisi
638 2299 773 2324 duntaxat
792 2298 886 2332 quoad
909 2298 1064 2331 praemissa

125 2342 151 2362 et
171 2335 252 2361 istaM
270 2334 433 2368 tangenda)
452 2333 654 2367 praeiudicium
671 2333 787 2366 aliquod
806 2340 951 2366 generare.
990 2332 1063 2357 Nulli

125 2379 193 2404 ergo
223 2370 366 2395 hominum
395 2368 477 2393 liceat
502 2368 573 2393 hanc
602 2367 735 2401 paginam
764 2371 877 2392 nostrae
902 2366 1063 2398 sanctionis,

126 2403 308 2435 inhibitionis,
330 2402 536 2428 constitutionis
559 2406 588 2428 et
609 2401 771 2427 intentionis
795 2401 955 2434 infringere,
977 2401 1021 2426 vel
1039 2401 1064 2426 ei

125 2448 194 2465 ausu
209 2437 357 2464 temerario
371 2437 519 2462 contraire.
545 2436 572 2461 Si
587 2436 649 2470 quis
663 2440 756 2461 autem
770 2436 823 2461 hoc
834 2439 972 2461 attentare
987 2443 1064 2468 prae-

125 2472 277 2507 sumpserit
294 2476 348 2497 etc.
385 2471 490 2496 Datum
506 2471 636 2496 Avinion.
651 2470 727 2496 VL55
744 2469 808 2495 Idus
822 2470 972 2495 Decembr.
987 2470 1065 2494 Pont.

125 2508 213 2534 nostri
227 2508 279 2532 Ao.
294 2506 351 2531 V11.
368 2504 467 2540 [1322.]

526 2573 543 2593 C
550 2574 599 2592 ΑΡ.
614 2573 652 2593 lv.
659 2572 666 2586 ¹

126 2612 216 2636 Opinio,
231 2615 288 2634 quae
303 2609 390 2631 asserit,
406 2608 518 2627 Christum
534 2610 555 2626 et
570 2608 617 2627 oius
627 2607 749 2631 discipulos
760 2607 815 2625 nihil
831 2607 943 2629 habuisse,
959 2607 1014 2625 etin
1025 2606 1066 2630 his,

125 2644 183 2661 quae
202 2637 335 2659 habuerunt,
356 2635 441 2653 nullum
462 2635 494 2652 ius
513 2634 546 2652 eis
560 2634 636 2657 fuisse,
656 2638 751 2652 erronea
764 2635 834 2652 estet
853 2633 972 2651 haeretica.
1006 2633 1067 2651 11:100

127 2666 274 2685 extravagans
289 2663 322 2679 est
337 2660 402 2679 valde
417 2660 530 2682 notabilis,
547 2661 569 2678 et
582 2659 666 2683 glossas
681 2659 749 2678 hahet
763 2658 891 2682 profundas,
907 2663 963 2682 quno
978 2660 1029 2677 sunt
1039 2663 1067 2676 ex

127 2694 204 2708 sat-rao
219 2688 342 2711 scripturae
358 2686 457 2704 fontibus
471 2686 571 2704 haustae.
609 2684 631 2703 Si
647 2685 767 2708 diligenter
781 2686 963 2707 extravagantem
979 2689 1067 2707 praece-

127 2715 218 2734 dentem
234 2716 255 2732 et
270 2714 400 2736 sequentem
415 2711 552 2735 inspexeris:
573 2711 646 2729 locum
662 2711 721 2729 hune
740 2712 815 2733 aptum
835 2710 903 2729 fuisse
921 2710 1066 2733 assignatum,

465 2742 516 2755 inea
525 2737 632 2760 opinione
643 2736 734 2755 dixeris.

199 2781 291 2814 Quum
305 2780 376 2805 inter
388 2778 536 2804 nonnullos
550 2778 642 2803 viros2
660 2777 842 2803 scholasticos
861 2784 947 2810 saepe
961 2776 1066 2802 contin-

128 2820 176 2850 gat
199 2816 225 2841 in
248 2814 363 2840 dubium
385 2813 518 2845 revocari,
540 2816 632 2838 utrum
648 2812 829 2846 pertinaciter
846 2811 995 2844 affirmare,
1013 2811 1067 2838 Re-

181 2928 234 2947 Tit.
250 2928 308 2946 XIV.
337 2926 398 2950 Cap.
414 2926 453 2944 ΙΙΙ.
489 2925 522 2948 50)
537 2924 598 2943 adds
613 2926 714 2943 sanctae:
731 2924 756 2942 il».
914 2946 919 2947 ⁷

128 2954 162 2977 52)
174 2953 235 2973 adab:
249 2953 377 2977 apostolici:
393 2951 453 2970 codd.
465 2950 511 2970 coll.
546 2950 638 2973 53)vu1:
653 2950 720 2969 deest:
735 2949 793 2968 ARN
829 2949 1006 2973 5-1Jpraemissa:
1022 2948 1070 2971 BN,-

130 2980 152 2998 ει
162 2979 216 2998 ista:
230 2978 299 2998 deest.-
314 2978 347 2999 M:
362 2980 383 2996 et
393 2991 398 2996 .
410 2991 415 2996 .
427 2991 431 2996 .
442 2980 514 2999 tang-2
529 2976 598 2995 deest:
613 2976 628 2994 Λ
682 2976 714 2999 55)
727 2976 788 2995 VIL:
803 2974 818 3000 Q

182 3005 244 3029 Cap.
258 3005 297 3024 1v.
326 3004 346 3027 1)
357 3009 390 3028 up.
405 3002 514 3026 thgsimld.
525 3002 560 3021 (ΠΙ.
573 3007 592 3020 (ι.
605 3002 662 3021 1323.
674 3006 707 3020 ιιο.
718 3002 761 3020 GL:
776 3006 827 3020 ven.
839 3000 901 3019 fratri
916 2999 1021 3019 Andreae
1036 3005 1069 3024 ep.

128 3031 289 3050 'terracinensi
299 3030 383 3049 viem-io
394 3032 470 3048 uestro
481 3029 503 3047 in
515 3027 648 3052 spiritunlib.
660 3027 683 3046 in
694 3027 754 3046 Urbe
769 3032 774 3046 :
785 3037 809 3040 —
819 3025 877 3046 ΑΒΜ
903 3026 924 3050 2)
934 3026 987 3045 vin:
1002 3025 1070 3045 duest:

824 2923 857 2945 51)
872 2923 999 2945 existendis:
1015 2922 1073 2942 ARN

360 203 578 228 EXTRAVAG.
598 203 722 228 IOANN.
741 202 827 227 XXII.
847 201 916 226 TIT.
936 201 1009 226 XIV.
1029 201 1080 226 DE
1100 201 1309 227 VERBORUM
1330 200 1633 226 SIGNIFICATIONE.
1654 208 1676 226 c.
1696 206 1772 232 3—5.

1959 198 2026 223 12:30

1084 278 1261 311 demptorem
1272 282 1398 303 nostrum
1408 278 1472 303 ac3·
1487 277 1639 302 Dominum
1651 278 1743 302 Iesum
1753 276 1894 302 Christum
1905 275 2023 309 eiusque

1085 312 1237 345 Apostolos
1256 313 1283 337 in
1301 312 1415 345 speciali
1433 320 1488 337 non
1502 312 1634 337 habuisse
1647 311 1748 344 aliqua,
1767 318 1819 336 nec
1836 310 1863 336 in
1882 309 2022 335 communi

1084 347 1178 378 etiam,
1188 347 1359 372 haereticum
1371 346 1405 371 sit
1417 346 1598 377 censendum,
1612 345 1755 371 diversal‘
1769 349 1797 370 et
1807 346 1927 370 adversa
1938 344 2023 370 etiam

1086 381 1271 406 sentientibus
1285 381 1357 405 circa
1372 380 1452 406 illud:
1473 388 1532 411 ῃος,
1547 380 1610 405 huic
1623 379 1823 405 concertationi
1837 379 1921 404 finem
1935 378 2022 412 impo-

1086 423 1152 440 nere
1170 415 1324 448 cupientes,
1343 415 1528 440 assertionem
1550 414 1709 439 huiusmodi
1732 414 1914 447 pertinacem,
1937 420 2022 446 quum

1086 449 1239 482 scripturae
1262 457 1366 480 sacrae,
1390 457 1462 482 quae
1484 449 1510 473 in
1533 448 1675 482 plerisque
1697 448 1764 473 locis
1790 448 1866 481 ipsos
1891 446 2024 472 nonnulla

1086 483 1218 509 habuisse
1232 483 1341 514 asserit,
1355 483 1527 508 contradicat
1542 490 1683 516 expresse,
1698 482 1844 515 ipsamque
1858 482 2023 514 scripturam

1087 526 1202 549 sacram,
1216 526 1266 551 per
1280 526 1363 550 quam
1377 517 1473 550 utique
1487 516 1551 542 fidei
1565 516 1739 541 orthodoxae
1753 516 1907 550 probantur
1917 515 2025 540 articuli

1087 552 1181 585 quoad
1210 552 1364 585 praemissa
1393 551 1561 576 fermentum
1590 556 1687 584 aperte
1716 555 1857 584 supponat
1882 550 2026 575 continere

1087 586 1235 617 mendacii,
1258 594 1290 611 ac
1312 594 1362 619 per
1379 593 1566 618 consequens,
1590 590 1725 617 quantum
1748 585 1774 609 in
1793 593 1826 610 ea
1844 589 1895 615 est,
1918 584 1977 609 eius
1996 583 2024 608 in

1087 625 1177 645 totum
1191 620 1276 645 fidem
1289 627 1437 651 evacuans,
1452 619 1536 644 fidem
1550 619 1714 644 catholicam
1729 618 1837 650 reddat,
1851 619 1909 644 eius
1924 618 2025 651 proba-

1087 655 1193 680 tionem
1214 654 1350 686 adimens,
1373 653 1487 678 dubiam
1510 657 1536 678 et
1556 653 1699 683 incertam,
1722 652 1856 686 deinceps
1878 660 2024 678 erroneam

1088 689 1146 714 fore
1165 688 1335 714 censendam
1353 692 1381 714 et
1398 687 1577 718 haereticam,
1597 687 1632 712 de
1650 686 1765 712 fratrum
1783 691 1941 712 nostrorum
1959 694 2024 711 con-

1088 723 1148 748 silio
1162 723 1215 747 hoc
1233 727 1370 756 perpetuo
1385 721 1560 747 declaramus
1579 720 1681 746 edict0.
1719 721 1824 746 Rursus
1839 721 1866 746 in
1879 724 2024 754 posterum

1088 757 1267 790 pertinaciter
1285 756 1434 788 affirmare,
1456 755 1532 789 quod
1554 755 1738 788 Redemptori
1761 760 1857 780 nostro
1881 754 2025 788 praedicto

1088 792 1147 816 eius
1169 791 1313 824 Apostolis
1337 790 1413 822 iis-‘³2
1436 798 1508 823 quae
1531 789 1607 822 ipsos
1630 789 1762 814 habuisse
1785 789 1922 822 scriptura
1946 796 2027 814 sacra

1088 829 1215 855 testatur,
1234 833 1414 858 nequaquam
1433 824 1474 849 ius
1498 824 1565 857 ipsis
1585 823 1681 848 utendi
1699 823 1884 856 competierit,
1907 831 1958 848 nec
1980 823 2026 848 illa

1089 859 1229 885 vendendi
1243 867 1292 884 seu
1307 858 1429 884 donandi
1444 858 1485 883 ius
1499 858 1655 889 habuerint,
1674 862 1721 882 aut
1735 865 1768 882 ex
1782 857 1850 890 ipsis
1864 857 1917 882 alia
1931 857 2025 890 acqui-

1089 893 1177 925 rendi,
1189 901 1261 927 quae
1272 898 1365 918 tamen
1379 893 1455 926 ipsos
1467 892 1503 918 de
1517 892 1677 925 praemissis
1688 891 1790 917 fecisse
1801 892 1936 924 scriptura
1948 899 2026 916 sacra

1089 932 1216 959 testatur,
1231 935 1280 953 seu
1294 928 1371 960 ipsos
1386 926 1512 960 potuisse
1526 925 1619 952 facere
1633 926 1765 959 supponit
1779 933 1920 959 expresse,
1940 933 2026 958 quum

1089 962 1150 988 talis
1169 962 1287 987 assertio
1304 962 1429 995 ipsorum
1447 969 1528 986 usum
1546 964 1573 986 et
1591 964 1672 993 gesta
1691 959 1836 985 evidenter
1849 959 1982 991 includat,
2000 959 2027 984 in

1089 996 1251 1030 praemissis
1269 1004 1324 1021 non
1342 996 1423 1026 iusta,
1446 994 1523 1028 quod
1540 994 1636 1027 utique
1656 994 1692 1019 de
1705 1002 1766 1026 usu,
1783 994 1869 1026 gestis
1883 1002 1933 1019 seu
1947 993 2027 1018 factis

1090 1031 1288 1064 Redemptoris
1306 1030 1393 1055 nostri
1412 1030 1465 1054 Dei
1479 1028 1540 1054 Filii
1559 1029 1662 1054 sentire
1680 1028 1759 1053 nefas
1779 1033 1830 1059 est,
1848 1036 1944 1053 sacrae
1962 1027 2027 1053 scri-

1090 1070 1188 1099 pturae
1206 1064 1375 1089 contrarium
1393 1068 1421 1089 et
1439 1063 1583 1088 doctrinae
1597 1062 1751 1088 catholicae
1770 1062 1919 1094 inimicum,
1937 1070 2027 1087 asser-

1090 1101 1195 1125 tionem
1213 1098 1303 1132 ipsam
1321 1098 1493 1132 pertinacem
1511 1097 1547 1122 de
1565 1096 1682 1122 fratrum
1698 1096 1890 1121 nostrorumss*
1912 1096 2027 1121 consilio

1090 1133 1224 1166 deinceps
1238 1141 1384 1158 erroneam
1397 1132 1458 1157 fore
1472 1131 1643 1156 censendam
1660 1131 1760 1156 merito
1774 1130 1840 1156 ac7⁸
1857 1131 2028 1156 haereticam

1090 1168 1275 1193 declaramus.
1311 1166 1385 1191 Nulli
1404 1174 1471 1198 ergo
1485 1165 1597 1190 omnino
1612 1165 1757 1190 hominum
1769 1165 1853 1190 liceat
1866 1165 1937 1190 hanc
1951 1164 2029 1198 pagi-

1090 1210 1155 1227 nam
1172 1205 1331 1227 nostrarum
1349 1200 1570 1226 declarationum
1583 1199 1744 1232 infringere,
1762 1199 1806 1224 vel
1819 1207 1889 1224 ausu
1902 1199 1927 1224 ei
1941 1204 2027 1224 teme-

1090 1236 1162 1261 rario
1176 1235 1322 1261 contraire.
1359 1235 1387 1260 Si
1401 1234 1463 1268 quis
1477 1239 1570 1260 autem
1584 1238 1637 1259 etc.
1657 1234 1762 1259 Datum
1775 1233 1904 1258 Avinion.
1919 1234 1949 1258 II.
1964 1233 2028 1258 Idus

1090 1270 1243 1296 Novembr.
1250 1270 1304 1295 Ao.
1312 1267 1478 1303 V11.[1323.]

1495 1320 1568 1339 CAP.
1584 1318 1625 1340 V.¹

1090 1356 1231 1379 Reprobatur
1241 1356 1316 1379 opinio
1326 1355 1416 1374 illorum
1431 1355 1589 1377 detractorum,
1605 1354 1642 1377 qui
1652 1355 1797 1377 praesumunt
1807 1354 1937 1377 impugnare
1948 1354 2030 1372 eonsti-

1089 1383 1187 1401 tutiones
1198 1382 1289 1400 Ioannis
1300 1381 1369 1399 XXII.
1389 1380 1423 1399 Ad
1435 1380 1575 1399 conditorem
1586 1385 1705 1403 canonum,
1716 1382 1737 1398 et
1748 1380 1821 1402 Quum
1832 1380 1891 1398 inter
1901 1380 2028 1398 nonnullos.

1090 1413 1157 1431 supra.
1171 1407 1300 1426 immediate
1315 1406 1483 1430 praecedentes,
1516 1406 1543 1424 Et
1557 1406 1684 1429 praemissis
1704 1406 1886 1428 responsionibus
1905 1405 1932 1424 ad
1952 1411 2030 1424 omnes

1091 1439 1168 1452 eorum
1187 1433 1334 1457 ohiectiones,
1354 1432 1445 1450 tandem
1461 1432 1603 1450 declarantur
1623 1433 1728 1454 tanquam
1748 1431 1855 1450 haeretiei
1874 1432 1896 1450 et
1914 1431 2029 1449 Romanae

1091 1459 1199 1478 ecelesiae
1218 1459 1321 1481 rebelles,
1341 1458 1368 1476 ab
1388 1458 1491 1476 omnibus
1511 1457 1617 1479 evitandi,
1637 1457 1655 1475 si
1675 1457 1780 1480 deinceps
1793 1457 1891 1475 scienter
1909 1457 1978 1475 verbo
1994 1457 2029 1475 vol

1090 1485 1173 1508 scripto
1188 1484 1273 1508 aliquid
1288 1484 1408 1502 defendere
1423 1483 1459 1502 vel
1473 1483 1598 1506 approbare
1608 1484 1687 1501 contra
1696 1483 1746 1501 illas
1761 1483 1958 1506 praesumpserint.
1986 1482 2030 1501 Hie

1090 1511 1185 1530 habetur
1203 1510 1243 1529 sub
1263 1511 1326 1534 parte
1340 1509 1438 1528 secunda
1453 1510 1474 1528 et
1488 1509 1554 1527 tertia
1569 1508 1596 1527 tle
1611 1508 1708 1527 clavium
1723 1508 1817 1527 materia
1830 1508 1918 1531 prolixa
1932 1510 1954 1527 et
1968 1507 2030 1526 utilis

1496 1535 1625 1558 disputatio.

1161 1577 1233 1611 Quia
1251 1576 1427 1611 quorundam
1444 1580 1553 1602 mentes
1567 1576 1606 1601 sic
1625 1579 1704 1609 pater
1716 1575 1854 1601 mendacii
1872 1574 1973 1600 dicitur
1985 1583 2032 1600 ex-

1093 1620 1235 1644 caecasse,
1249 1611 1326 1645 quod
1339 1611 1441 1636 nostris
1455 1610 1710 1642 constitutionibus,
1725 1617 1842 1643 quarum
1855 1618 1908 1635 una
1922 1609 2031 1642 incipit:

1093 1646 1163 1679 „Ad
1181 1646 1356 1671 conditorem
1373 1646 1540 1677 canonum,“
1563 1644 1616 1670 alio
1635 1652 1715 1670 vero:
1744 1644 1860 1676 „Quum
1878 1644 1950 1669 inter
1963 1651 2031 1668 non-

1093 1681 1213 1711 nullos,“
1231 1680 1329 1713 utique
1348 1684 1405 1705 tam
1418 1688 1481 1705 cum
1499 1679 1630 1704 fratribus
1644 1677 1746 1704 nostris
1760 1682 1874 1704 sanctae
1887 1678 2031 1703 Romanae

1094 1715 1231 1740 ecclesiae
1248 1714 1445 1745 cardinalibus,
1468 1722 1552 1747 quam
1571 1721 1634 1738 cum
1651 1712 1745 1738 multis
1768 1712 1985 1746 archiepiscopis
2004 1716 2032 1737 et

1094 1757 1108 1775 e
1133 1749 1244 1782 iscopis,
1267 1749 1385 1782 aliisque
1402 1748 1583 1774 ecclesiarum
1605 1747 1747 1780 praelatis,
1769 1755 1821 1772 nec
1839 1755 1894 1772 non
1912 1751 1940 1772 et
1958 1754 2032 1771 com-

1094 1792 1111 1817 p
1125 1783 1220 1808 uribus
1234 1791 1330 1808 sacrae
1344 1782 1504 1815 theologiae
1518 1782 1668 1814 magistris,
1686 1789 1718 1806 ac
1732 1781 1876 1814 utriusque
1891 1781 1955 1806 iuris
1970 1789 2033 1814 pro-

1094 1818 1247 1843 fessoribus
1262 1817 1465 1842 deliberatione
1482 1816 1647 1850 praehabita
1660 1815 1787 1848 diligenti
1801 1815 1928 1848 digestis,
1946 1823 1978 1840 ac
1996 1814 2033 1840 de

1094 1852 1314 1886 praemissorum
1332 1851 1448 1876 fratrum
1465 1855 1624 1876 nostrorum
1638 1850 1753 1875 consilio
1768 1849 1960 1883 promulgatis,
1977 1857 2034 1874 non

1095 1887 1203 1919 absque
1224 1886 1311 1911 multa
1333 1885 1492 1911 temeritate
1514 1884 1646 1918 plectibili
1669 1884 1721 1909 nisi
1744 1888 1808 1909 sunt
1830 1883 1988 1915 detrahere,
2006 1888 2035 1908 et

1095 1921 1219 1946 nituntur
1236 1920 1393 1951 veritatem,
1412 1928 1496 1953 quam
1514 1919 1666 1950 continent,
1685 1926 1735 1952 per
1748 1918 1832 1943 falsas
1850 1917 1971 1943 insanias
1986 1917 2034 1942 ob—

1096 1954 1218 1980 fuscare:
1247 1962 1298 1979 nos
1321 1958 1378 1979 tarn
1400 1953 1563 1987 perniciosis
1587 1952 1711 1984 ausibus,
1732 1961 1767 1978 ne
1789 1960 1886 1978 eorum
1909 1952 2034 1977 doctrina

1096 1989 1232 2022 pestifera
1253 1988 1422 2022 simplicium
1443 1987 1550 2013 animos
1573 1987 1741 2017 labefacere,
1766 1994 1798 2011 ac
1820 1986 1847 2011 in
1869 1986 1911 2011 sui
1933 1986 2034 2011 erroris

1096 2023 1209 2049 devium
1228 2022 1368 2048 deducere
1386 2022 1477 2047 valeat
1496 2021 1531 2046 de
1549 2021 1703 2046 eorundem
1720 2020 1836 2045 fratrum
1853 2020 1968 2045 consilio
1987 2020 2035 2046 de-

1097 2057 1235 2082 cernimus
1250 2065 1334 2090 super
1346 2057 1399 2081 hoc
1412 2056 1568 2087 salubriter,
1583 2055 1623 2087 (ut
1636 2054 1782 2088 sequitur,)
1795 2054 1952 2088 providere.
1988 2053 2035 2079 Ad

1097 2090 1302 2125 impugnandas
1332 2095 1426 2116 autem
1451 2089 1663 2115 constitutiones
1694 2088 1852 2122 praedictas
1878 2088 2036 2121 subscripta

1097 2127 1204 2151 ratione
1223 2130 1280 2150 tam
1296 2125 1383 2150 verbo
1398 2132 1483 2158 quam
1501 2123 1604 2157 scripto
1619 2124 1660 2148 usi
1678 2127 1741 2148 sunt
1759 2122 1880 2156 publice,
1898 2123 1968 2148 sicut
1981 2122 2034 2148 fer-

1098 2165 1149 2185 tur.
1187 2159 1267 2190 Illud,
1286 2159 1422 2192 inquiunt,
1442 2158 1517 2192 quod
1535 2166 1586 2191 per
1603 2158 1711 2183 clavem
1729 2157 1872 2188 scientiae,
1890 2157 1917 2182 in
1935 2156 1990 2182 fide
2003 2164 2036 2182 ac

1098 2194 1223 2219 moribus
1241 2194 1328 2219 semel
1347 2192 1516 2218 diffinierunt
1535 2192 1652 2217 Romani
1672 2191 1829 2223 Pontifices,
1847 2191 1918 2216 adeo
1938 2191 2036 2216 immu-

1099 2228 1184 2254 tabile
1198 2232 1369 2261 perseverat,
1381 2227 1456 2260 quod
1470 2226 1537 2252 illud
1551 2226 1706 2252 successori
1720 2233 1852 2251 revocare
1865 2225 1996 2251 nonlicet
2009 2225 2036 2250 in

1100 2262 1282 2294 dubium,nec
1289 2261 1458 2287 contrarium
1465 2261 1612 2293 affirmare,
1620 2260 1683 2286 licet
1691 2260 1726 2286 de
1737 2260 1858 2293 iis‚quae
1869 2268 1919 2293 per
1929 2260 2037 2285 clavem

1100 2297 1248 2330 potestatis
1268 2296 1466 2327 ordinaverint,
1483 2299 1610 2321 asserant
1632 2303 1712 2320 secus
1735 2302 1808 2320 esse.
1845 2295 1873 2319 In
1893 2293 2036 2319 coufirma-

1100 2331 1175 2356 tione
1192 2335 1286 2356 autem
1304 2330 1418 2363 regulae
1436 2329 1540 2355 ordinis
1564 2329 1679 2354 fratrum
1698 2329 1835 2354 Minorum
1854 2328 1969 2353 Honorii
1984 2328 2038 2359 111„

1101 2365 1229 2398 Gregorii
1247 2365 1303 2396 IX„
1326 2364 1477 2390 innocentii
1496 2364 1552 2396 lV.,
1574 2363 1726 2389 Alexandri
1744 2363 1800 2394 lV.,
1822 2362 1928 2387 Nicolai
1948 2362 2038 2393 1V.*2,*

1100 2399 1352 2433 praedecessorum
1379 2402 1539 2424 nostrorum
1568 2406 1740 2423 summorum
1764 2396 1938 2427 Pontificum,
1968 2396 2039 2421 haec

1100 2434 1186 2459 verba
1214 2437 1343 2459 asserunt
1372 2432 1519 2458 contineri:
1552 2433 1652 2464 „Haec
1682 2436 1725 2458 est
1755 2431 1852 2463 regula
1877 2431 2039 2463 evangelica

1101 2468 1214 2499 Christi,
1234 2472 1262 2493 et
1274 2467 1477 2501 Apostolorum
1495 2466 1635 2497 imitatrix,
1654 2474 1727 2499 quae
1740 2466 1807 2491 nihil
1826 2465 1853 2490 in
1866 2465 1919 2490 hoc
1932 2464 2037 2489 mundo

1101 2503 1186 2528 habet
1200 2502 1344 2536 proprium
1356 2501 1401 2527 vel
1414 2509 1572 2532 commune,
1586 2500 1636 2526 sed
1651 2500 1677 2525 in
1691 2500 1784 2531 rebus,
1799 2499 1900 2533 quibus
1914 2503 2037 2530 utuntur,

1101 2537 1207 2562 habent
1225 2536 1381 2569 simplicem
1399 2544 1479 2560 usum
1498 2535 1600 2560 facti:“
1624 2534 1666 2559 his
1689 2534 1794 2560 addere
1817 2538 2037 2567 praesumentes,

1103 2571 1243 2605 praefatos
1258 2578 1382 2595 summos
1396 2569 1543 2595 Pontifices
1558 2574 1586 2595 et
1603 2569 1690 2594 multa
1703 2568 1819 2593 concilia
1833 2567 1975 2600 generalia
1988 2575 2039 2600 per

1101 2605 1209 2631 clavem
1226 2604 1359 2630 scientiae
1377 2604 1523 2635 diffinisse,
1542 2607 1737 2637 paupertatem
1756 2602 1857 2628 Christi
1875 2606 1903 2627 et
1916 2602 2039 2635 Aposto-

1102 2641 1192 2665 lorum
1205 2639 1365 2665 constitisse
1382 2638 1507 2672 perfecte
1526 2638 1552 2662 in
1566 2637 1790 2671 expropriatione
1804 2636 1951 2661 cuiuslibet
1969 2640 2038 2661 tem-

1103 2674 1205 2707 poralis
1224 2673 1339 2699 dominii
1353 2673 1440 2698 civilis
1454 2678 1481 2698 et
1494 2672 1636 2703 mundani,
1654 2676 1681 2696 et
1695 2670 1928 2696 sustentationem
1942 2678 2039 2695 eorum

1102 2709 1129 2733 in
1139 2708 1200 2733 solo
1211 2712 1239 2734 et
1252 2707 1327 2733 nudo
1339 2716 1390 2733 usu
1405 2707 1470 2732 facti
1484 2707 1568 2732 ctiam
1581 2705 1749 2736 constitisse,
1760 2712 1793 2730 ex
1805 2704 1905 2738 quibus
1916 2704 2041 2729 nituntur

1102 2742 1280 2774 concludere,
1302 2750 1358 2767 non
1380 2741 1491 2767 licuisse
1514 2748 1565 2766 nec
1588 2740 1670 2765 licere
1689 2739 1812 2773 ipsorum
1830 2739 2039 2764 successoribus

1103 2781 1199 2802 contra
1220 2776 1376 2810 praemissa
1397 2774 1503 2808 aliquid
1521 2775 1676 2800 immutare.
1714 2773 1836 2806 Ideoque
1875 2773 1957 2797 uum-3
1974 2781 2040 2798 con-

1103 2810 1210 2837 stitutio
1235 2815 1331 2836 nostra
1356 2810 1382 2835 in
1407 2810 1515 2835 ratione
1540 2808 1716 2843 praedicta‘1‘
1738 2812 1836 2833 contra
1877 2806 2040 2833 iffinitiones

1105 2923 1141 2942 AB
1167 2924 1187 2946 3)
1199 2925 1231 2942 et:
1247 2922 1264 2941 Β
1273 2923 1337 2946 ori-m:
1353 2922 1419 2940 dfrst:
1434 2920 1474 2940 AM
1499 2920 1520 2944 ΔΙ)
1531 2921 1625 2940 diversis
1636 2920 1736 2939 diversa:
1751 2920 1801 2943 (ιι-[ῃ.
1814 2918 1856 2938 ΒΜ
1880 2918 1900 2941 5)
1911 2919 1983 2938 iniis:
1994 2919 2044 2943 01'1'17.

1106 2950 1126 2973 6)
1137 2949 1271 2968 eorundem:
1287 2948 1326 2967 ΑΜ
1334 2949 1384 2971 arsy).
1438 2948 1458 2968 ἵ)
1469 2949 1501 2965 et:
1518 2946 1538 2965 M
1547 2947 1598 2969 ιηίζσ.
1651 2946 1671 2965 s)
1682 2946 1754 2966 v111.:
1769 2946 1818 2969 orn'q.
1829 2944 1902 2970 ABMQ

1158 2975 1218 2998 cap.
1234 2975 1260 2994 V.
1290 2973 1376 2997 1).111,11
1437 2973 1457 2997 2)
1468 2973 1518 2991 111.:
1534 2971 1591 2991 AM!
1651 2973 1671 2991 3)
1682 2974 1768 2991 tamen:
1783 2971 1799 2990 A

1664 2992 1667 2995 Δ
1859 2971 1880 2995 4)
1891 2972 1967 2990 nostra
1976 2976 2045 2996 quum

1106 3001 1165 3019 inter
1175 3000 1300 3024 praedicta:
1316 2998 1373 3017 AM!
